3328 5154
705 527 804 624 (7)

203 669 293 738 liciae
310 679 346 736 ct
359 665 505 746 sirenes,
526 661 568 730 ad
584 675 637 732 tot
653 685 782 758 genera
797 675 886 758 quot
896 666 1031 758 species
1043 679 1145 750 sunt,
1162 665 1303 735 redacta

135 777 136 782 ’
203 781 323 866 luere,
342 778 470 848 eodem
494 799 636 874 prorsus
654 774 763 847 modo
780 800 852 874 quo
876 776 1052 848 hortulani
1074 803 1152 849 suas
1169 781 1304 874 plantas

205 895 418 991 disponunt,
438 895 500 988 qui
526 904 578 961 tot
603 893 740 986 species
770 885 979 986 luliparum‚
1008 893 1302 990 hyacinthorum,
1376 885 1380 892 ’

206 1031 419 1078 anomonum
430 1059 439 1090 ,
452 1019 542 1090 etc,
559 1019 650 1112 quot
668 1005 893 1078 sunthorum
909 1010 1132 1095 variationes,
1151 1009 1298 1106 lingunt.

206 1119 261 1192 Ad
279 1133 414 1216 septem
437 1133 557 1189 tamen
576 1143 705 1213 genera
726 1120 849 1190 reduci
867 1135 1015 1216 possunt
1035 1123 1152 1193 omnia
1175 1121 1307 1220 petrifi-

206 1248 300 1321 cata,
323 1259 389 1316 nec
413 1235 515 1330 plura
535 1232 716 1330 possibilia
744 1248 847 1322 sunt,
875 1235 1038 1332 adeoque
1060 1239 1167 1310 studii
1189 1241 1306 1310 minus

206 1351 375 1422 fructuosi
404 1351 533 1420 limites
563 1333 679 1445 potius
706 1352 877 1422 coarctari
912 1375 1019 1448 quam
1057 1355 1213 1449 ampliari
1244 1354 1306 1425 de·

205 1464 303 1535 bent.
443 1489 458 1566 a
710 1450 714 1462 ¹
1197 1539 1199 1542 .

262 1589 316 1651 12⁰
335 1575 563 1676 Lt‘tlrophyta
577 1579 622 1649 ad
634 1603 780 1673 regnum
798 1577 1013 1673 vegetabile,
1034 1605 1106 1650 non
1121 1595 1239 1652 autem
1259 1585 1306 1651 la·

206 1695 352 1792 pidcum
367 1695 566 1791 pertinere,
584 1695 690 1767 docet
706 1693 838 1790 ligura,
857 1709 1055 1782 structura,
1074 1700 1256 1791 generatio
1271 1713 1306 1767 et

209 1814 375 1908 analogia.

264 1921 565 2021 13⁰Artistciales
597 1923 730 2022 lapides
763 1949 888 1997 omnes
912 1907 1040 1996 merito
1066 1924 1305 2013 excludimus,

207 2054 248 2110 nt
270 2045 514 2123 cerauniam,
534 2037 722 2130 boracem,
746 2042 1025 2121 armeniacum,
1046 2041 1182 2110 vitriola
1205 2039 1308 2110 lacti-

208 2157 276 2243 tia,
303 2168 370 2227 etc.
387 2181 396 2224 r
416 2181 446 2226 e.
464 2181 532 2250 gn,
558 2156 751 2230 vitrioltrm
771 2151 924 2252 plumbi
942 2179 1003 2226 seu
1026 2154 1229 2226 saccharum
1246 2155 1309 2226 Sa-

209 2273 317 2358 turni,
330 2293 628 2370 perconsequens
641 2271 794 2344 ochram
802 2267 958 2368 plumbi
964 2295 1027 2342 seu
1036 2295 1226 2355 cerussam,
1236 2283 1303 2342 etc.

264 2367 487 2486 14⁰Ahyms
504 2388 576 2460 dixi
595 2389 673 2459 illos
687 2387 843 2487 lapides,
865 2391 926 2485 qui
945 2387 1142 2458 diutissime
1167 2389 1199 2457 vi
1221 2390 1311 2483 ignis

210 2503 396 2596 resistunt,
418 2515 454 2572 et
472 2501 703 2574 conficiendis
720 2505 963 2574 instrumentis
976 2501 1145 2574 chemicis
1159 2506 1309 2574 maxime

209 2615 330 2688 idonei
344 2630 437 2687 sunt.
456 2613 551 2688 Nihil
562 2632 678 2688 tamen
694 2619 730 2688 in
743 2629 816 2687 tota
832 2641 950 2688 rerum
963 2628 1107 2708 natura,
1126 2640 1172 2686 nc
1187 2639 1311 2711 argen-

144 2822 147 2831 Ι
210 2743 286 2800 turn
304 2729 449 2826 quidem
472 2742 507 2801 ct
530 2713 672 2817 aurum,
702 2731 789 2825 ignis
806 2732 954 2815 summi,
984 2729 1129 2824 speculo
1149 2731 1305 2800 caustica

211 2845 393 2946 producti,
411 2845 668 2924 vehementiam
686 2845 832 2916 eludere
847 2857 974 2941 potest.

310 3094 331 3132 1
