<?xml version="1.0" encoding="UTF-8"?>
<!DOCTYPE html PUBLIC "-//W3C//DTD XHTML 1.0 Transitional//EN"
    "http://www.w3.org/TR/xhtml1/DTD/xhtml1-transitional.dtd">
<html xmlns="http://www.w3.org/1999/xhtml" xml:lang="en" lang="en">
 <head>
  <title>
</title>
<meta http-equiv="Content-Type" content="text/html;charset=utf-8" />
  <meta name='ocr-system' content='tesseract 3.04.00' />
  <meta name='ocr-capabilities' content='ocr_page ocr_carea ocr_par ocr_line ocrx_word'/>
</head>
<body>
  <div class='ocr_page' id='page_1' title='image "./carolilinnisuec00fegoog_0069.png"; bbox 0 0 3328 5154; ppageno 0'>
   <div class='ocr_carea' id='block_1_1' title="bbox 704 579 1187 667">
    <p class='ocr_par' dir='ltr' id='par_1_1' title="bbox 704 579 1187 667">
     <span class='ocr_line' id='line_1_1' title="bbox 704 579 1187 667; baseline 0 -1"><span class='ocrx_word' id='word_1_1' title='bbox 704 579 1187 667; x_wconf 85' lang='lat' dir='ltr'><strong>OBSERVATIONES</strong></span> 
     </span>
    </p>
   </div>
   <div class='ocr_carea' id='block_1_2' title="bbox 922 855 958 898">
    <p class='ocr_par' dir='ltr' id='par_1_2' title="bbox 922 855 958 898">
     <span class='ocr_line' id='line_1_2' title="bbox 922 855 958 898; baseline 0 0"><span class='ocrx_word' id='word_1_2' title='bbox 922 855 958 898; x_wconf 85' lang='lat' dir='ltr'><strong>IN</strong></span> 
     </span>
    </p>
   </div>
   <div class='ocr_carea' id='block_1_3' title="bbox 520 961 1406 1194">
    <p class='ocr_par' dir='ltr' id='par_1_3' title="bbox 520 961 1406 1194">
     <span class='ocr_line' id='line_1_3' title="bbox 520 961 1406 1194; baseline 0.006 -9"><span class='ocrx_word' id='word_1_3' title='bbox 520 1064 890 1194; x_wconf 78' lang='lat' dir='ltr'>REGNUM</span> <span class='ocrx_word' id='word_1_4' title='bbox 941 961 1406 1194; x_wconf 60' lang='lat' dir='ltr'><strong>aurorane)</strong></span> 
     </span>
    </p>
   </div>
   <div class='ocr_carea' id='block_1_4' title="bbox 875 1421 1005 1439">
    <p class='ocr_par' dir='ltr' id='par_1_4' title="bbox 875 1421 1005 1439">
     <span class='ocr_line' id='line_1_4' title="bbox 875 1421 1005 1439; baseline 0.008 -5"><span class='ocrx_word' id='word_1_5' title='bbox 875 1421 1005 1439; x_wconf 48' lang='lat'><strong>*-</strong></span> 
     </span>
    </p>
   </div>
   <div class='ocr_carea' id='block_1_5' title="bbox 389 1629 1490 4231">
    <p class='ocr_par' dir='ltr' id='par_1_5' title="bbox 391 1629 1489 3342">
     <span class='ocr_line' id='line_1_5' title="bbox 446 1629 1486 1742; baseline -0.003 -25"><span class='ocrx_word' id='word_1_6' title='bbox 446 1673 474 1720; x_wconf 88' lang='lat' dir='ltr'><strong>r.</strong></span> <span class='ocrx_word' id='word_1_7' title='bbox 506 1649 695 1742; x_wconf 84' lang='lat' dir='ltr'><strong>Zoologia‚</strong></span> <span class='ocrx_word' id='word_1_8' title='bbox 719 1673 797 1742; x_wconf 86' lang='lat' dir='ltr'><strong>pars</strong></span> <span class='ocrx_word' id='word_1_9' title='bbox 817 1650 874 1715; x_wconf 89' lang='lat' dir='ltr'><strong>illa</strong></span> <span class='ocrx_word' id='word_1_10' title='bbox 892 1645 1045 1716; x_wconf 78' lang='lat' dir='ltr'><strong>historiae</strong></span> <span class='ocrx_word' id='word_1_11' title='bbox 1063 1649 1229 1717; x_wconf 82' lang='lat' dir='ltr'><strong>naturalis</strong></span> <span class='ocrx_word' id='word_1_12' title='bbox 1248 1629 1486 1732; x_wconf 78' lang='lat' dir='ltr'><strong>nobilissima,</strong></span> 
     </span>
     <span class='ocr_line' id='line_1_6' title="bbox 391 1751 1488 1858; baseline -0.003 -26"><span class='ocrx_word' id='word_1_13' title='bbox 391 1765 494 1858; x_wconf 86' lang='lat' dir='ltr'><strong>longe</strong></span> <span class='ocrx_word' id='word_1_14' title='bbox 514 1765 628 1834; x_wconf 88' lang='lat' dir='ltr'><strong>minus</strong></span> <span class='ocrx_word' id='word_1_15' title='bbox 648 1765 783 1832; x_wconf 79' lang='lat' dir='ltr'><strong>exculta</strong></span> <span class='ocrx_word' id='word_1_16' title='bbox 807 1777 881 1844; x_wconf 86' lang='lat' dir='ltr'><strong>est,</strong></span> <span class='ocrx_word' id='word_1_17' title='bbox 904 1777 1009 1856; x_wconf 84' lang='lat' dir='ltr'><strong>quam</strong></span> <span class='ocrx_word' id='word_1_18' title='bbox 1030 1762 1110 1831; x_wconf 89' lang='lat' dir='ltr'><strong>duae</strong></span> <span class='ocrx_word' id='word_1_19' title='bbox 1133 1755 1277 1857; x_wconf 81' lang='lat' dir='ltr'><strong>reliquae</strong></span> <span class='ocrx_word' id='word_1_20' title='bbox 1305 1751 1380 1856; x_wconf 82' lang='lat' dir='ltr'><strong>ejus</strong></span> <span class='ocrx_word' id='word_1_21' title='bbox 1404 1786 1488 1856; x_wconf 91' lang='lat' dir='ltr'><strong>par-</strong></span> 
     </span>
     <span class='ocr_line' id='line_1_7' title="bbox 391 1875 1488 1962; baseline -0.001 -18"><span class='ocrx_word' id='word_1_22' title='bbox 391 1891 454 1946; x_wconf 86' lang='lat' dir='ltr'><strong>tes.</strong></span> <span class='ocrx_word' id='word_1_23' title='bbox 475 1875 510 1946; x_wconf 90' lang='lat' dir='ltr'><strong>Si</strong></span> <span class='ocrx_word' id='word_1_24' title='bbox 520 1889 643 1945; x_wconf 82' lang='lat' dir='ltr'><strong>tamen</strong></span> <span class='ocrx_word' id='word_1_25' title='bbox 658 1878 711 1945; x_wconf 85' lang='lat' dir='ltr'><strong>vel</strong></span> <span class='ocrx_word' id='word_1_26' title='bbox 725 1890 861 1945; x_wconf 82' lang='lat' dir='ltr'><strong>motum</strong></span> <span class='ocrx_word' id='word_1_27' title='bbox 875 1932 884 1962; x_wconf 90' lang='lat'><strong>,</strong></span> <span class='ocrx_word' id='word_1_28' title='bbox 905 1878 958 1944; x_wconf 91' lang='lat' dir='ltr'><strong>vel</strong></span> <span class='ocrx_word' id='word_1_29' title='bbox 977 1876 1280 1961; x_wconf 76' lang='lat' dir='ltr'><strong>mechanismum‘‚</strong></span> <span class='ocrx_word' id='word_1_30' title='bbox 1296 1878 1349 1947; x_wconf 88' lang='lat' dir='ltr'><strong>vei</strong></span> <span class='ocrx_word' id='word_1_31' title='bbox 1364 1900 1488 1946; x_wconf 87' lang='lat' dir='ltr'><strong>sensus</strong></span> 
     </span>
     <span class='ocr_line' id='line_1_8' title="bbox 392 1989 1486 2086; baseline 0 -28"><span class='ocrx_word' id='word_1_32' title='bbox 392 2003 555 2060; x_wconf 83' lang='lat' dir='ltr'><strong>externos</strong></span> <span class='ocrx_word' id='word_1_33' title='bbox 568 1993 822 2085; x_wconf 82' lang='lat' dir='ltr'><strong>internosque,</strong></span> <span class='ocrx_word' id='word_1_34' title='bbox 845 1992 897 2060; x_wconf 88' lang='lat' dir='ltr'><strong>vei</strong></span> <span class='ocrx_word' id='word_1_35' title='bbox 923 1991 1080 2085; x_wconf 85' lang='lat' dir='ltr'><strong>denique</strong></span> <span class='ocrx_word' id='word_1_36' title='bbox 1099 1989 1243 2086; x_wconf 81' lang='lat' dir='ltr'><strong>figuram</strong></span> <span class='ocrx_word' id='word_1_37' title='bbox 1263 1993 1486 2075; x_wconf 84' lang='lat' dir='ltr'><strong>animalium,</strong></span> 
     </span>
     <span class='ocr_line' id='line_1_9' title="bbox 392 2104 1488 2200; baseline -0.002 -26"><span class='ocrx_word' id='word_1_38' title='bbox 392 2108 528 2175; x_wconf 75' lang='lat' dir='ltr'><strong>caetcris</strong></span> <span class='ocrx_word' id='word_1_39' title='bbox 544 2107 841 2200; x_wconf 67' lang='lat' dir='ltr'><strong>praestantiorem,</strong></span> <span class='ocrx_word' id='word_1_40' title='bbox 861 2107 1109 2198; x_wconf 87' lang='lat' dir='ltr'><strong>respiciamus,</strong></span> <span class='ocrx_word' id='word_1_41' title='bbox 1128 2104 1295 2174; x_wconf 91' lang='lat' dir='ltr'><strong>omnibus</strong></span> <span class='ocrx_word' id='word_1_42' title='bbox 1315 2106 1350 2172; x_wconf 92' lang='lat' dir='ltr'><strong>in</strong></span> <span class='ocrx_word' id='word_1_43' title='bbox 1368 2105 1488 2199; x_wconf 89' lang='lat' dir='ltr'><strong>aprico</strong></span> 
     </span>
     <span class='ocr_line' id='line_1_10' title="bbox 392 2217 1488 2313; baseline -0.004 -23"><span class='ocrx_word' id='word_1_44' title='bbox 392 2225 479 2306; x_wconf 86' lang='lat' dir='ltr'><strong>erit,</strong></span> <span class='ocrx_word' id='word_1_45' title='bbox 511 2221 671 2289; x_wconf 86' lang='lat' dir='ltr'><strong>animalia</strong></span> <span class='ocrx_word' id='word_1_46' title='bbox 700 2245 774 2289; x_wconf 89' lang='lat' dir='ltr'><strong>esse</strong></span> <span class='ocrx_word' id='word_1_47' title='bbox 809 2235 944 2290; x_wconf 82' lang='lat' dir='ltr'><strong>summa</strong></span> <span class='ocrx_word' id='word_1_48' title='bbox 975 2234 1010 2287; x_wconf 87' lang='lat' dir='ltr'><strong>et</strong></span> <span class='ocrx_word' id='word_1_49' title='bbox 1041 2218 1293 2313; x_wconf 86' lang='lat' dir='ltr'><strong>perfectissima</strong></span> <span class='ocrx_word' id='word_1_50' title='bbox 1311 2217 1488 2290; x_wconf 82' lang='lat' dir='ltr'><strong>Creatoris</strong></span> 
     </span>
     <span class='ocr_line' id='line_1_11' title="bbox 392 2357 990 2430; baseline -0.005 -28"><span class='ocrx_word' id='word_1_51' title='bbox 392 2357 512 2430; x_wconf 90' lang='lat' dir='ltr'><strong>opera.</strong></span> <span class='ocrx_word' id='word_1_52' title='bbox 989 2409 990 2412; x_wconf 8' lang='grc' dir='ltr'><strong>Ἴ</strong></span> 
     </span>
     <span class='ocr_line' id='line_1_12' title="bbox 443 2446 1485 2541; baseline -0.001 -24"><span class='ocrx_word' id='word_1_53' title='bbox 443 2472 475 2518; x_wconf 85' lang='lat'><strong>2.</strong></span> <span class='ocrx_word' id='word_1_54' title='bbox 507 2446 541 2516; x_wconf 88' lang='lat' dir='ltr'><strong>si</strong></span> <span class='ocrx_word' id='word_1_55' title='bbox 573 2449 747 2541; x_wconf 84' lang='lat' dir='ltr'><strong>zoologias</strong></span> <span class='ocrx_word' id='word_1_56' title='bbox 776 2461 960 2518; x_wconf 71' lang='lat' dir='ltr'><strong>auctorum</strong></span> <span class='ocrx_word' id='word_1_57' title='bbox 989 2448 1055 2518; x_wconf 89' lang='lat' dir='ltr'><strong>sub</strong></span> <span class='ocrx_word' id='word_1_58' title='bbox 1084 2472 1231 2516; x_wconf 79' lang='lat' dir='ltr'><strong>examen</strong></span> <span class='ocrx_word' id='word_1_59' title='bbox 1258 2471 1485 2527; x_wconf 84' lang='lat' dir='ltr'><strong>revocemus,</strong></span> 
     </span>
     <span class='ocr_line' id='line_1_13' title="bbox 391 2551 1487 2655; baseline -0.004 -24"><span class='ocrx_word' id='word_1_60' title='bbox 391 2564 577 2631; x_wconf 83' lang='lat' dir='ltr'><strong>maximum</strong></span> <span class='ocrx_word' id='word_1_61' title='bbox 595 2575 729 2655; x_wconf 84' lang='lat' dir='ltr'><strong>partem</strong></span> <span class='ocrx_word' id='word_1_62' title='bbox 747 2562 833 2630; x_wconf 89' lang='lat' dir='ltr'>nihil</span> <span class='ocrx_word' id='word_1_63' title='bbox 847 2564 913 2630; x_wconf 95' lang='lat' dir='ltr'><strong>nisi</strong></span> <span class='ocrx_word' id='word_1_64' title='bbox 935 2563 1151 2630; x_wconf 79' lang='lat' dir='ltr'><strong>narrationes</strong></span> <span class='ocrx_word' id='word_1_65' title='bbox 1173 2559 1364 2645; x_wconf 81' lang='lat' dir='ltr'><strong>fabulosas,</strong></span> <span class='ocrx_word' id='word_1_66' title='bbox 1382 2551 1487 2627; x_wconf 76' lang='lat' dir='ltr'><strong>diffu-</strong></span> 
     </span>
     <span class='ocr_line' id='line_1_14' title="bbox 392 2670 1487 2768; baseline -0.005 -23"><span class='ocrx_word' id='word_1_67' title='bbox 392 2702 468 2745; x_wconf 89' lang='lat' dir='ltr'><strong>sum</strong></span> <span class='ocrx_word' id='word_1_68' title='bbox 487 2675 665 2745; x_wconf 89' lang='lat' dir='ltr'><strong>scribendi</strong></span> <span class='ocrx_word' id='word_1_69' title='bbox 687 2676 855 2761; x_wconf 89' lang='lat' dir='ltr'><strong>modum,</strong></span> <span class='ocrx_word' id='word_1_70' title='bbox 874 2673 1213 2768; x_wconf 80' lang='lat' dir='ltr'><strong>chalcographorum</strong></span> <span class='ocrx_word' id='word_1_71' title='bbox 1233 2675 1353 2742; x_wconf 91' lang='lat' dir='ltr'><strong>icones</strong></span> <span class='ocrx_word' id='word_1_72' title='bbox 1372 2685 1408 2740; x_wconf 85' lang='lat' dir='ltr'><strong>ct</strong></span> <span class='ocrx_word' id='word_1_73' title='bbox 1422 2670 1487 2740; x_wconf 89' lang='lat' dir='ltr'><strong>dc-</strong></span> 
     </span>
     <span class='ocr_line' id='line_1_15' title="bbox 392 2787 1489 2882; baseline -0.005 -25"><span class='ocrx_word' id='word_1_74' title='bbox 392 2790 600 2881; x_wconf 86' lang='lat' dir='ltr'><strong>scriptiones</strong></span> <span class='ocrx_word' id='word_1_75' title='bbox 621 2787 865 2882; x_wconf 84' lang='lat' dir='ltr'><strong>impcrfectas‚</strong></span> <span class='ocrx_word' id='word_1_76' title='bbox 886 2813 925 2856; x_wconf 90' lang='lat' dir='ltr'><strong>ac</strong></span> <span class='ocrx_word' id='word_1_77' title='bbox 947 2813 1038 2882; x_wconf 80' lang='lat' dir='ltr'><strong>saepe</strong></span> <span class='ocrx_word' id='word_1_78' title='bbox 1059 2789 1162 2855; x_wconf 89' lang='lat' dir='ltr'><strong>nimis</strong></span> <span class='ocrx_word' id='word_1_79' title='bbox 1186 2797 1370 2871; x_wconf 70' lang='lat' dir='ltr'><strong>extensas,</strong></span> <span class='ocrx_word' id='word_1_80' title='bbox 1388 2788 1489 2854; x_wconf 86' lang='lat' dir='ltr'><strong>inve-</strong></span> 
     </span>
     <span class='ocr_line' id='line_1_16' title="bbox 393 2905 1488 3000; baseline 0 -28"><span class='ocrx_word' id='word_1_81' title='bbox 393 2905 541 2975; x_wconf 87' lang='lat' dir='ltr'><strong>niamus.</strong></span> <span class='ocrx_word' id='word_1_82' title='bbox 555 2905 757 2974; x_wconf 88' lang='lat' dir='ltr'><strong>Paucissimi</strong></span> <span class='ocrx_word' id='word_1_83' title='bbox 771 2931 854 2976; x_wconf 89' lang='lat' dir='ltr'><strong>vero</strong></span> <span class='ocrx_word' id='word_1_84' title='bbox 868 2920 962 2987; x_wconf 86' lang='lat' dir='ltr'><strong>sunt,</strong></span> <span class='ocrx_word' id='word_1_85' title='bbox 976 2908 1037 2999; x_wconf 88' lang='lat' dir='ltr'><strong>qui</strong></span> <span class='ocrx_word' id='word_1_86' title='bbox 1051 2907 1243 3000; x_wconf 85' lang='lat' dir='ltr'><strong>zoologiam</strong></span> <span class='ocrx_word' id='word_1_87' title='bbox 1261 2907 1296 2973; x_wconf 94' lang='lat' dir='ltr'><strong>in</strong></span> <span class='ocrx_word' id='word_1_88' title='bbox 1311 2929 1437 2996; x_wconf 69' lang='lat' dir='ltr'><strong>genera</strong></span> <span class='ocrx_word' id='word_1_89' title='bbox 1451 2919 1488 2973; x_wconf 78' lang='lat' dir='ltr'><strong>et</strong></span> 
     </span>
     <span class='ocr_line' id='line_1_17' title="bbox 393 3019 1488 3114; baseline -0.001 -26"><span class='ocrx_word' id='word_1_90' title='bbox 393 3019 528 3113; x_wconf 88' lang='lat' dir='ltr'><strong>species</strong></span> <span class='ocrx_word' id='word_1_91' title='bbox 564 3019 761 3089; x_wconf 87' lang='lat' dir='ltr'><strong>secundum</strong></span> <span class='ocrx_word' id='word_1_92' title='bbox 791 3021 884 3112; x_wconf 84' lang='lat' dir='ltr'><strong>leges</strong></span> <span class='ocrx_word' id='word_1_93' title='bbox 920 3023 1155 3113; x_wconf 77' lang='lat' dir='ltr'><strong>syslematicas</strong></span> <span class='ocrx_word' id='word_1_94' title='bbox 1186 3021 1344 3114; x_wconf 83' lang='lat' dir='ltr'><strong>redigere</strong></span> <span class='ocrx_word' id='word_1_95' title='bbox 1371 3023 1488 3088; x_wconf 69' lang='lat' dir='ltr'><strong>tenid-</strong></span> 
     </span>
     <span class='ocr_line' id='line_1_18' title="bbox 393 3132 1486 3226; baseline -0.003 -24"><span class='ocrx_word' id='word_1_96' title='bbox 393 3146 504 3218; x_wconf 85' lang='lat' dir='ltr'><strong>runt‚</strong></span> <span class='ocrx_word' id='word_1_97' title='bbox 539 3135 567 3201; x_wconf 89' lang='lat' dir='ltr'><strong>si</strong></span> <span class='ocrx_word' id='word_1_98' title='bbox 593 3132 849 3202; x_wconf 82' lang='lat' dir='ltr'><strong>nobilissimum</strong></span> <span class='ocrx_word' id='word_1_99' title='bbox 889 3133 1156 3226; x_wconf 79' lang='lat' dir='ltr'><strong>Wr&#39;lluglrbejum</strong></span> <span class='ocrx_word' id='word_1_100' title='bbox 1193 3147 1229 3202; x_wconf 81' lang='lat' dir='ltr'><strong>et</strong></span> <span class='ocrx_word' id='word_1_101' title='bbox 1258 3133 1486 3202; x_wconf 89' lang='lat' dir='ltr'><strong>clarissimum</strong></span> 
     </span>
     <span class='ocr_line' id='line_1_19' title="bbox 392 3247 909 3342; baseline -0.002 -24"><span class='ocrx_word' id='word_1_102' title='bbox 392 3247 518 3336; x_wconf 82' lang='lat' dir='ltr'><strong>Rujum</strong></span> <span class='ocrx_word' id='word_1_103' title='bbox 538 3248 761 3342; x_wconf 80' lang='lat' dir='ltr'><strong>excipiamus</strong></span> <span class='ocrx_word' id='word_1_104' title='bbox 906 3329 909 3336; x_wconf 26' lang='grc' dir='ltr'>Ι</span> 
     </span>
    </p>

    <p class='ocr_par' dir='ltr' id='par_1_6' title="bbox 389 3360 1490 4025">
     <span class='ocr_line' id='line_1_20' title="bbox 443 3360 1488 3455; baseline -0.006 -25"><span class='ocrx_word' id='word_1_105' title='bbox 443 3363 475 3431; x_wconf 82' lang='grc'><strong>5.</strong></span> <span class='ocrx_word' id='word_1_106' title='bbox 506 3363 595 3429; x_wconf 89' lang='lat' dir='ltr'><strong>Hinc</strong></span> <span class='ocrx_word' id='word_1_107' title='bbox 622 3360 948 3445; x_wconf 87' lang='lat' dir='ltr'><strong>observationibus,</strong></span> <span class='ocrx_word' id='word_1_108' title='bbox 970 3384 1057 3454; x_wconf 90' lang='lat' dir='ltr'><strong>quas</strong></span> <span class='ocrx_word' id='word_1_109' title='bbox 1073 3385 1230 3455; x_wconf 90' lang='lat' dir='ltr'><strong>unquam</strong></span> <span class='ocrx_word' id='word_1_110' title='bbox 1250 3361 1390 3454; x_wconf 91' lang='lat' dir='ltr'><strong>propria</strong></span> <span class='ocrx_word' id='word_1_111' title='bbox 1413 3370 1488 3426; x_wconf 80' lang='lat' dir='ltr'><strong>aut-</strong></span> 
     </span>
     <span class='ocr_line' id='line_1_21' title="bbox 392 3474 1488 3571; baseline -0.005 -23"><span class='ocrx_word' id='word_1_112' title='bbox 392 3479 490 3571; x_wconf 79' lang='lat' dir='ltr'><strong>opsia</strong></span> <span class='ocrx_word' id='word_1_113' title='bbox 501 3474 663 3544; x_wconf 86' lang='lat' dir='ltr'><strong>obtinere</strong></span> <span class='ocrx_word' id='word_1_114' title='bbox 678 3479 854 3569; x_wconf 75' lang='lat' dir='ltr'><strong>potuerim</strong></span> <span class='ocrx_word' id='word_1_115' title='bbox 872 3474 1029 3565; x_wconf 71' lang='lat' dir='ltr'><strong>adjutus,</strong></span> <span class='ocrx_word' id='word_1_116' title='bbox 1046 3489 1196 3570; x_wconf 82' lang='lat' dir='ltr'><strong>systema</strong></span> <span class='ocrx_word' id='word_1_117' title='bbox 1208 3475 1387 3569; x_wconf 88' lang='lat' dir='ltr'><strong>quoddam</strong></span> <span class='ocrx_word' id='word_1_118' title='bbox 1403 3497 1488 3543; x_wconf 88' lang='lat' dir='ltr'><strong>zoo-</strong></span> 
     </span>
     <span class='ocr_line' id='line_1_22' title="bbox 393 3587 1489 3684; baseline -0.002 -26"><span class='ocrx_word' id='word_1_119' title='bbox 393 3592 493 3684; x_wconf 85' lang='lat' dir='ltr'><strong>iogiae</strong></span> <span class='ocrx_word' id='word_1_120' title='bbox 517 3587 741 3658; x_wconf 90' lang='lat' dir='ltr'><strong>conscribere</strong></span> <span class='ocrx_word' id='word_1_121' title='bbox 764 3591 872 3683; x_wconf 76' lang='lat' dir='ltr'><strong>caepi,</strong></span> <span class='ocrx_word' id='word_1_122' title='bbox 902 3588 998 3684; x_wconf 89' lang='lat' dir='ltr'><strong>quod</strong></span> <span class='ocrx_word' id='word_1_123' title='bbox 1021 3588 1099 3658; x_wconf 89' lang='lat' dir='ltr'><strong>heic</strong></span> <span class='ocrx_word' id='word_1_124' title='bbox 1129 3587 1192 3658; x_wconf 84' lang='lat' dir='ltr'><strong>tibi</strong></span> <span class='ocrx_word' id='word_1_125' title='bbox 1216 3589 1319 3668; x_wconf 80' lang='lat' dir='ltr'><strong>sisto,</strong></span> <span class='ocrx_word' id='word_1_126' title='bbox 1347 3587 1489 3656; x_wconf 84' lang='lat' dir='ltr'><strong>illustris</strong></span> 
     </span>
     <span class='ocr_line' id='line_1_23' title="bbox 391 3701 1490 3798; baseline -0.003 -26"><span class='ocrx_word' id='word_1_127' title='bbox 391 3707 514 3774; x_wconf 85' lang='lat' dir='ltr'><strong>lector.</strong></span> <span class='ocrx_word' id='word_1_128' title='bbox 543 3702 583 3770; x_wconf 94' lang='lat' dir='ltr'><strong>In</strong></span> <span class='ocrx_word' id='word_1_129' title='bbox 618 3702 921 3798; x_wconf 81' lang='lat' dir='ltr'><strong>Tetrupodologr&#39;u,</strong></span> <span class='ocrx_word' id='word_1_130' title='bbox 943 3704 1088 3773; x_wconf 88' lang='lat' dir='ltr'><strong>ordines</strong></span> <span class='ocrx_word' id='word_1_131' title='bbox 1111 3704 1311 3770; x_wconf 85' lang='lat' dir='ltr'><strong>animalium</strong></span> <span class='ocrx_word' id='word_1_132' title='bbox 1335 3701 1490 3770; x_wconf 74' lang='lat' dir='ltr'><strong>ademi-</strong></span> 
     </span>
     <span class='ocr_line' id='line_1_24' title="bbox 389 3811 1487 3913; baseline -0.005 -25"><span class='ocrx_word' id='word_1_133' title='bbox 389 3814 480 3900; x_wconf 82' lang='lat' dir='ltr'><strong>bus3</strong></span> <span class='ocrx_word' id='word_1_134' title='bbox 499 3819 535 3886; x_wconf 92' lang='lat' dir='ltr'><strong>in</strong></span> <span class='ocrx_word' id='word_1_135' title='bbox 555 3817 807 3913; x_wconf 76' lang='lat' dir='ltr'><strong>Ornr&#39;tdologia,</strong></span> <span class='ocrx_word' id='word_1_136' title='bbox 821 3819 839 3884; x_wconf 75' lang='grc' dir='ltr'>ὲ</span> <span class='ocrx_word' id='word_1_137' title='bbox 853 3814 962 3908; x_wconf 85' lang='lat' dir='ltr'><strong>figura</strong></span> <span class='ocrx_word' id='word_1_138' title='bbox 977 3819 1079 3886; x_wconf 87' lang='lat' dir='ltr'><strong>rostri</strong></span> <span class='ocrx_word' id='word_1_139' title='bbox 1093 3844 1103 3898; x_wconf 91' lang='lat'>;</span> <span class='ocrx_word' id='word_1_140' title='bbox 1123 3819 1158 3884; x_wconf 93' lang='lat' dir='ltr'><strong>in</strong></span> <span class='ocrx_word' id='word_1_141' title='bbox 1173 3816 1429 3909; x_wconf 82' lang='lat' dir='ltr'><strong>Entomologia,</strong></span> <span class='ocrx_word' id='word_1_142' title='bbox 1443 3811 1487 3882; x_wconf 90' lang='lat' dir='ltr'><strong>ab</strong></span> 
     </span>
     <span class='ocr_line' id='line_1_25' title="bbox 391 3932 1171 4025; baseline -0.004 -23"><span class='ocrx_word' id='word_1_143' title='bbox 391 3935 552 4002; x_wconf 86' lang='lat' dir='ltr'><strong>antennis</strong></span> <span class='ocrx_word' id='word_1_144' title='bbox 565 3945 602 4000; x_wconf 81' lang='lat' dir='ltr'><strong>et</strong></span> <span class='ocrx_word' id='word_1_145' title='bbox 615 3934 698 4016; x_wconf 91' lang='lat' dir='ltr'><strong>alis,</strong></span> <span class='ocrx_word' id='word_1_146' title='bbox 718 3946 803 4015; x_wconf 74' lang='lat' dir='ltr'><strong>etc,</strong></span> <span class='ocrx_word' id='word_1_147' title='bbox 820 3933 991 4025; x_wconf 90' lang='lat' dir='ltr'><strong>imprimis</strong></span> <span class='ocrx_word' id='word_1_148' title='bbox 1004 3932 1171 4000; x_wconf 88' lang='lat' dir='ltr'><strong>desumsi.</strong></span> 
     </span>
    </p>

    <p class='ocr_par' dir='ltr' id='par_1_7' title="bbox 390 4037 1488 4231">
     <span class='ocr_line' id='line_1_26' title="bbox 438 4037 1488 4139; baseline -0.008 -23"><span class='ocrx_word' id='word_1_149' title='bbox 438 4047 473 4134; x_wconf 71' lang='grc'><strong>4.</strong></span> <span class='ocrx_word' id='word_1_150' title='bbox 492 4046 534 4116; x_wconf 92' lang='lat' dir='ltr'><strong>In</strong></span> <span class='ocrx_word' id='word_1_151' title='bbox 548 4045 806 4139; x_wconf 80' lang='lat' dir='ltr'><strong>Iclrtlayologr&#39;a,</strong></span> <span class='ocrx_word' id='word_1_152' title='bbox 823 4045 954 4113; x_wconf 89' lang='lat' dir='ltr'><strong>nullam</strong></span> <span class='ocrx_word' id='word_1_153' title='bbox 972 4037 1234 4138; x_wconf 84' lang='lat' dir='ltr'><strong>ipse&#39;elaboravi</strong></span> <span class='ocrx_word' id='word_1_154' title='bbox 1253 4041 1461 4112; x_wconf 80' lang='lat' dir='ltr'><strong>methodum</strong></span> <span class='ocrx_word' id='word_1_155' title='bbox 1479 4097 1488 4122; x_wconf 88' lang='lat'>,</span> 
     </span>
     <span class='ocr_line' id='line_1_27' title="bbox 390 4159 1488 4231; baseline -0.005 -1"><span class='ocrx_word' id='word_1_156' title='bbox 390 4186 513 4231; x_wconf 89' lang='lat' dir='ltr'><strong>verum</strong></span> <span class='ocrx_word' id='word_1_157' title='bbox 549 4185 645 4230; x_wconf 91' lang='lat' dir='ltr'><strong>suam</strong></span> <span class='ocrx_word' id='word_1_158' title='bbox 681 4159 868 4230; x_wconf 90' lang='lat' dir='ltr'><strong>nobiscum</strong></span> <span class='ocrx_word' id='word_1_159' title='bbox 901 4161 1172 4230; x_wconf 88' lang='lat' dir='ltr'><strong>communicavit</strong></span> <span class='ocrx_word' id='word_1_160' title='bbox 1194 4181 1353 4228; x_wconf 87' lang='lat' dir='ltr'><strong>summus</strong></span> <span class='ocrx_word' id='word_1_161' title='bbox 1379 4159 1488 4226; x_wconf 92' lang='lat' dir='ltr'><strong>nostri</strong></span> 
     </span>
    </p>
   </div>
   <div class='ocr_carea' id='block_1_6' title="bbox 390 4271 1491 4376">
    <p class='ocr_par' dir='ltr' id='par_1_8' title="bbox 390 4271 1491 4376">
     <span class='ocr_line' id='line_1_28' title="bbox 390 4271 1491 4376; baseline -0.002 -28"><span class='ocrx_word' id='word_1_162' title='bbox 390 4278 559 4376; x_wconf 84' lang='lat' dir='ltr'><strong>temporis</strong></span> <span class='ocrx_word' id='word_1_163' title='bbox 579 4275 830 4370; x_wconf 82' lang='lat' dir='ltr'><strong>Ichthyoiogus</strong></span> <span class='ocrx_word' id='word_1_164' title='bbox 850 4271 902 4343; x_wconf 91' lang='lat' dir='ltr'><strong>Cl.</strong></span> <span class='ocrx_word' id='word_1_165' title='bbox 927 4274 968 4346; x_wconf 88' lang='lat' dir='ltr'><strong>D.</strong></span> <span class='ocrx_word' id='word_1_166' title='bbox 991 4281 1083 4344; x_wconf 85' lang='lat' dir='ltr'><strong>Petr.</strong></span> <span class='ocrx_word' id='word_1_167' title='bbox 1099 4275 1244 4366; x_wconf 79' lang='lat' dir='ltr'><strong>Artedr&#39;,</strong></span> <span class='ocrx_word' id='word_1_168' title='bbox 1265 4279 1411 4358; x_wconf 79' lang='lat' dir='ltr'><strong>Saccus,</strong></span> <span class='ocrx_word' id='word_1_169' title='bbox 1428 4275 1491 4369; x_wconf 88' lang='lat' dir='ltr'><strong>qui</strong></span> 
     </span>
    </p>
   </div>
   <div class='ocr_carea' id='block_1_7' title="bbox 0 0 1668 5154">
    <p class='ocr_par' dir='ltr' id='par_1_9' title="bbox 0 0 1668 5154">
     <span class='ocr_line' id='line_1_29' title="bbox 0 0 1668 5154; baseline 0 0"><span class='ocrx_word' id='word_1_170' title='bbox 0 0 1668 5154; x_wconf 95' lang='lat' dir='ltr'><strong> </strong></span> 
     </span>
    </p>
   </div>
  </div>
 </body>
</html>
