3328 5154
374 589 520 660 humani
540 589 899 682 saepissime'causant.
917 580 1060 666 Quanto
1076 581 1212 674 agmine
1230 580 1372 647 dicuutur
1386 577 1471 667 asri-

374 727 473 772 carzoe
496 704 617 797 paucis
644 700 773 770 abhinc
794 700 893 766 annis
918 699 953 764 in
973 694 1186 790 quibusdam
1211 695 1362 789 Europae
1383 695 1468 764 locis

373 814 579 910 vegetabilia
599 812 832 895 devastarint,
854 823 890 880 et
917 823 1048 905 quanta
1068 822 1180 903 strage
1195 833 1309 878 eructa
1319 807 1470 908 pupilto-

374 953 456 998 num
477 929 666 1024 quotannis
681 926 847 995 arborum
868 923 951 992 lolia
969 923 1142 1006 exedant,
1163 921 1384 990 notissimum
1401 932 1464 987 est.

380 1047 531 1138 Gyrinur
542 1044 709 1113 terrestris
718 1044 830 1112 nostri
844 1038 1027 1134 quomodo
1041 1039 1248 1133 plantarum.
1258 1033 1469 1130 embryones

373 1162 525 1232 tenellos
550 1161 671 1256 primo·
685 1182 765 1227 vere
789 1156 947 1226 destruat
966 1137 1145 1222 hortulani
1160 1151 1283 1247 optimi
1301 1160 1465 1219 noscunt.

374 1282 572 1346 Dermestes
586 1273 851 1368 pretiosissimas
874 1269 984 1363 pelles
1009 1264 1282 1361 quadrupedum
1300 1276 1337 1331 et
1355 1263 1469 1331 arium
1515 1321 1527 1337 ,

375 1389 465 1457 miro
479 1385 588 1456 modo
601 1385 778 1454 dilacerat.
802 1386 970 1454 OEstrum
984 1379 1138 1450 horricum
1151 1377 1310 1446 molestia
1322 1377 1471 1443 maxima

374 1499 581 1592 defatigatos
605 1497 713 1568 boves
740 1498 858 1565 aestivo
886 1509 1047 1588 ternpore
1068 1490 1182 1562 afficit.
1206 1490 1321 1577 Quam
1339 1490 1470 1558 multos

374 1613 539 1682 homines
551 1612 674 1680 aranei
690 1623 726 1679 et
742 1610 871 1707 scorpii
883 1608 1061 1693 necarint,
1082 1618 1117 1674 et
1134 1591 1322 1672 tarantuloe
1339 1601 1471 1671 insania

375 1725 578 1813 affecerint,
606 1726 868 1796 observationes
885 1723 1107 1792 medicorum
1122 1732 1308 1803 testantur,
1335 1729 1374 1786 ut
1392 1740 1472 1785 sex-

374 1858 478 1916 centa
496 1841 671 1934 ejusmodi
690 1854 907 1935 praeteream.
1008 1851 1015 1860 “

423 1988 459 2056 7.
491 1963 579 2032 Usus
598 1959 648 2054 (5)
673 1984 754 2028 vero
776 1961 990 2028 insectorum
1009 1959 1178 2026 maximos
1197 1957 1233 2032 in
1252 1949 1324 2023 arte
1339 1951 1472 2022 tincto-

374 2082 425 2148 ria
436 2077 823 2174 praebentcocer'orrella,
836 2077 980 2158 lemnes,
993 2073 1100 2166 gallea
1116 2069 1159 2142 ab
1174 2063 1471 2139 ichneumonibus

375 2191 572 2287 productae.
595 2189 846 2260 Cantharidum
858 2211 942 2264 usus
955 2190 991 2254 in
1005 2186 1192 2280 chirurgia,
1212 2184 1338 2252 melodo
1352 2183 1387 2249 in
1400 2205 1471 2248 me·

376 2304 506 2386 dicine,
529 2301 728 2394 bombycum
743 2303 779 2369 in
794 2314 866 2372 arte
884 2302 1054 2386 textoria,
1076 2299 1188 2370 mellis
1206 2320 1311 2392 apum
1324 2298 1360 2366 in
1374 2317 1472 2364 oeco-

376 2417 495 2487 nomia
508 2468 516 2503 ‚
538 2428 625 2500 eto,
640 2415 844 2484 notissimus
858 2429 920 2486 est.

428 2532 460 2601 8.
482 2531 722 2624 l'roprietates
741 2528 793 2626 (5)
816 2532 1033 2600 insectorum
1058 2532 1120 2626 qui
1143 2527 1367 2599 considerare
1388 2525 1472 2620 relit

360 2649 534 2714 ‘curiosus
558 2657 751 2730 scrutator,
778 2645 833 2713 vix
857 2642 956 2713 ullibi
982 2645 1104 2737 majori
1128 2641 1262 2711 affiatur
1277 2640 1466 2732 voluptate.

376 2765 542 2833 Examina
555 2763 664 2832 modo
681 2788 689 2830 :
707 2776 859 2831 rostrum
874 2765 1099 2850 eme—olonis,
1114 2787 1245 2833 cornua
1262 2759 1397 2846 lucani,
1415 2781 1472 2825 an·

378 2888 503 2942 tenuas
529 2878 719 2970 tragocerr',
742 2878 906 2945 articulos
923 2877 1068 2965 melod's,
1095 2879 1162 2944 alas
1176 2873 1374 2965 firrfiouloe,
1391 2873 1472 2966 plu-

379 3011 451 3056 mas
461 2989 666 3090 papilionis,
693 2992 816 3058 oculos
835 2990 973 3077 tabunt,
1000 2994 1234 3062 ventriculum
1250 2990 1367 3069 ra'ct'nr‘,
1389 3012 1474 3057 acu-

377 3103 473 3168 leum
510 3100 707 3184 crabronis,
752 3104 907 3172 colorem
951 3107 1187 3193 cantharidis,
1231 3109 1471 3176 elasticitatcm

375 3217 575 3312 ootopeclcm
595 3217 781 3288 stridorem
799 3219 919 3312 grylli,
941 3219 1087 3290 odorem
1110 3222 1258 3310 cimicis,
1283 3223 1470 3290 exilitatem

375 3335 491 3422 acori,
505 3344 638 3403 coitum
656 3334 829 3424 lrtelloloe,
841 3336 964 3404 nidum
979 3337 1231 3422 ichneumonis,
1248 3337 1471 3431 farosapum,

375 3449 646 3518 hibernaculum
664 3451 776 3534 castri,
795 3447 982 3519 aedificium
1005 3476 1137 3548 vespae,
1158 3452 1282 3520 testam
1302 3451 1470 3534 eremitae,

375 3564 480 3630 vitam
493 3563 697 3656 eplremerae,
712 3583 872 3632 acervum
876 3565 1057 3652 firrrrrr'coe,
1076 3564 1213 3636 foveam
1224 3566 1471 3656 formem-leo-

374 3676 439 3758 nis,
455 3675 561 3742 telam
576 3675 706 3761 aranei,
720 3687 876 3744 natatum
888 3679 1066 3763 monoculi,
1083 3704 1226 3748 cursum
1237 3681 1473 3774 gyrirrr'uquu-

374 3789 450 3876 rici,
481 3789 725 3886 phosphorum
753 3792 992 3886 Lampyrr‘dr's,
1021 3794 1187 3862 scintillas
1213 3793 1469 3890 scolopendrae,

374 3904 639 3971 renovationem
662 3905 798 3989 curtari,
823 3917 960 3976 motum
976 3907 1137 4001 spiralem
1158 3932 1273 3976 eruere
1290 3933 1335 3976 eat
1352 3929 1471 3985 rnascu

374 4013 537 4084 cceruloea
552 4019 790 4111 provenientis,
809 4021 913 4090 vitam
932 4020 1005 4090 fere
1021 4021 1340 4106 indestructibilem
1357 4047 1473 4094 errrore

372 4131 542 4223 arquotr'cre
559 4131 696 4218 tithoni,
719 4147 754 4202 et
774 4135 1077 4238 metamorphoses
1102 4139 1148 4207 sic
1175 4127 1285 4208 dictas
1305 4127 1378 4208 sere
1397 4162 1475 4212 0111*

370 4244 466 4313 nium
494 4245 718 4318 insectorum.
