<?xml version="1.0" encoding="UTF-8"?>
<!DOCTYPE html PUBLIC "-//W3C//DTD XHTML 1.0 Transitional//EN"
    "http://www.w3.org/TR/xhtml1/DTD/xhtml1-transitional.dtd">
<html xmlns="http://www.w3.org/1999/xhtml" xml:lang="en" lang="en">
 <head>
  <title>
</title>
<meta http-equiv="Content-Type" content="text/html;charset=utf-8" />
  <meta name='ocr-system' content='tesseract 3.04.00' />
  <meta name='ocr-capabilities' content='ocr_page ocr_carea ocr_par ocr_line ocrx_word'/>
</head>
<body>
  <div class='ocr_page' id='page_1' title='image "./carolilinnisuec00fegoog_0010.png"; bbox 0 0 3344 5158; ppageno 0'>
   <div class='ocr_carea' id='block_1_1' title="bbox 215 1979 1316 2569">
    <p class='ocr_par' dir='ltr' id='par_1_1' title="bbox 215 1979 1316 2567">
     <span class='ocr_line' id='line_1_1' title="bbox 263 1979 1313 2108; baseline -0.009 -25"><span class='ocrx_word' id='word_1_1' title='bbox 263 2013 372 2084; x_wconf 73' lang='lat' dir='ltr'><strong>nnn</strong></span> <span class='ocrx_word' id='word_1_2' title='bbox 395 2011 519 2082; x_wconf 90' lang='lat' dir='ltr'><strong>omnia</strong></span> <span class='ocrx_word' id='word_1_3' title='bbox 546 1979 666 2108; x_wconf 42' lang='lat' dir='ltr'><strong>qnae&#39;a</strong></span> <span class='ocrx_word' id='word_1_4' title='bbox 684 2005 924 2082; x_wconf 80' lang='lat' dir='ltr'><strong>celeberrimo</strong></span> <span class='ocrx_word' id='word_1_5' title='bbox 943 2029 1065 2078; x_wconf 86' lang='lat' dir='ltr'><strong>rerum</strong></span> <span class='ocrx_word' id='word_1_6' title='bbox 1093 2003 1313 2076; x_wconf 80' lang='lat' dir='ltr'><strong>naturalium</strong></span> 
     </span>
     <span class='ocr_line' id='line_1_2' title="bbox 215 2118 1315 2222; baseline -0.007 -24"><span class='ocrx_word' id='word_1_7' title='bbox 215 2129 489 2222; x_wconf 77' lang='lat' dir='ltr'><strong>investigatum,</strong></span> <span class='ocrx_word' id='word_1_8' title='bbox 510 2127 576 2222; x_wconf 88' lang='lat' dir='ltr'><strong>qni</strong></span> <span class='ocrx_word' id='word_1_9' title='bbox 594 2126 845 2222; x_wconf 80' lang='lat' dir='ltr'><strong>insuperinro</strong></span> <span class='ocrx_word' id='word_1_10' title='bbox 869 2133 974 2192; x_wconf 84' lang='lat' dir='ltr'><strong>aetate</strong></span> <span class='ocrx_word' id='word_1_11' title='bbox 990 2118 1162 2210; x_wconf 83' lang='lat' dir='ltr'><strong>florebat,</strong></span> <span class='ocrx_word' id='word_1_12' title='bbox 1181 2122 1315 2215; x_wconf 88' lang='lat' dir='ltr'><strong>scripta</strong></span> 
     </span>
     <span class='ocr_line' id='line_1_3' title="bbox 215 2237 1316 2338; baseline -0.005 -26"><span class='ocrx_word' id='word_1_13' title='bbox 215 2253 320 2328; x_wconf 84' lang='lat' dir='ltr'><strong>sunt,</strong></span> <span class='ocrx_word' id='word_1_14' title='bbox 333 2237 477 2312; x_wconf 85' lang='lat' dir='ltr'><strong>libeiins</strong></span> <span class='ocrx_word' id='word_1_15' title='bbox 484 2264 573 2338; x_wconf 89' lang='lat' dir='ltr'><strong>‚an</strong></span> <span class='ocrx_word' id='word_1_16' title='bbox 565 2239 1316 2328; x_wconf 76' lang='lat' dir='ltr'><strong>inscribitarsrsnnnannnnnn,summa</strong></span> 
     </span>
     <span class='ocr_line' id='line_1_4' title="bbox 217 2350 1316 2452; baseline -0.004 -28"><span class='ocrx_word' id='word_1_17' title='bbox 217 2352 366 2452; x_wconf 80' lang='lat' dir='ltr'><strong>qnidam</strong></span> <span class='ocrx_word' id='word_1_18' title='bbox 404 2352 644 2426; x_wconf 73' lang='lat' dir='ltr'><strong>admiratione</strong></span> <span class='ocrx_word' id='word_1_19' title='bbox 673 2353 806 2450; x_wconf 80' lang='lat' dir='ltr'><strong>dignus</strong></span> <span class='ocrx_word' id='word_1_20' title='bbox 839 2350 1002 2440; x_wconf 66' lang='lat' dir='ltr'><strong>videtum</strong></span> <span class='ocrx_word' id='word_1_21' title='bbox 1030 2365 1074 2422; x_wconf 86' lang='lat' dir='ltr'><strong>ut</strong></span> <span class='ocrx_word' id='word_1_22' title='bbox 1103 2370 1213 2422; x_wconf 87' lang='lat' dir='ltr'><strong>nemo</strong></span> <span class='ocrx_word' id='word_1_23' title='bbox 1242 2373 1316 2421; x_wconf 86' lang='lat' dir='ltr'><strong>non</strong></span> 
     </span>
     <span class='ocr_line' id='line_1_5' title="bbox 217 2447 1316 2569; baseline -0.002 -29"><span class='ocrx_word' id='word_1_24' title='bbox 217 2466 353 2544; x_wconf 86' lang='lat' dir='ltr'><strong>dubius</strong></span> <span class='ocrx_word' id='word_1_25' title='bbox 370 2468 519 2556; x_wconf 77' lang='lat' dir='ltr'><strong>haereat,</strong></span> <span class='ocrx_word' id='word_1_26' title='bbox 545 2471 639 2542; x_wconf 82' lang='lat' dir='ltr'><strong>sitne</strong></span> <span class='ocrx_word' id='word_1_27' title='bbox 653 2472 784 2567; x_wconf 76' lang='grc'><em>33333333</em></span> <span class='ocrx_word' id='word_1_28' title='bbox 799 2492 965 2566; x_wconf 88' lang='lat' dir='ltr'><strong>unquam</strong></span> <span class='ocrx_word' id='word_1_29' title='bbox 985 2467 1107 2542; x_wconf 78' lang='lat' dir='ltr'><strong>favore</strong></span> <span class='ocrx_word' id='word_1_30' title='bbox 1122 2447 1316 2569; x_wconf 80' lang='lat' dir='ltr'><strong>excepttr&#39;m</strong></span> 
     </span>
    </p>
   </div>
   <div class='ocr_carea' id='block_1_2' title="bbox 216 2583 1442 2685">
    <p class='ocr_par' dir='ltr' id='par_1_2' title="bbox 216 2583 1442 2685">
     <span class='ocr_line' id='line_1_6' title="bbox 216 2583 1442 2685; baseline -0.008 -27"><span class='ocrx_word' id='word_1_31' title='bbox 216 2605 328 2680; x_wconf 87' lang='lat' dir='ltr'><strong>opus,</strong></span> <span class='ocrx_word' id='word_1_32' title='bbox 342 2607 388 2656; x_wconf 89' lang='lat' dir='ltr'><strong>an</strong></span> <span class='ocrx_word' id='word_1_33' title='bbox 399 2584 580 2683; x_wconf 86' lang='lat' dir='ltr'><strong>stupenda</strong></span> <span class='ocrx_word' id='word_1_34' title='bbox 592 2589 707 2685; x_wconf 84' lang='lat' dir='ltr'><strong>magis</strong></span> <span class='ocrx_word' id='word_1_35' title='bbox 720 2585 980 2683; x_wconf 84' lang='lat' dir='ltr'><strong>praecellentis&#39;</strong></span> <span class='ocrx_word' id='word_1_36' title='bbox 971 2587 1106 2682; x_wconf 78' lang='lat' dir='ltr'><strong>ingenii</strong></span> <span class='ocrx_word' id='word_1_37' title='bbox 1119 2588 1155 2656; x_wconf 89' lang='lat' dir='ltr'><strong>vi</strong></span> <span class='ocrx_word' id='word_1_38' title='bbox 1170 2605 1319 2681; x_wconf 87' lang='lat' dir='ltr'><strong>compo-</strong></span> <span class='ocrx_word' id='word_1_39' title='bbox 1428 2583 1442 2598; x_wconf 68' lang='grc'><strong>“</strong></span> 
     </span>
    </p>
   </div>
   <div class='ocr_carea' id='block_1_3' title="bbox 217 2699 1321 3184">
    <p class='ocr_par' dir='ltr' id='par_1_3' title="bbox 217 2699 1321 3144">
     <span class='ocr_line' id='line_1_7' title="bbox 217 2699 1318 2798; baseline -0.001 -28"><span class='ocrx_word' id='word_1_40' title='bbox 217 2701 339 2770; x_wconf 88' lang='lat' dir='ltr'><strong>situm.</strong></span> <span class='ocrx_word' id='word_1_41' title='bbox 354 2702 423 2776; x_wconf 72' lang='lat' dir='ltr'><strong>Vix,</strong></span> <span class='ocrx_word' id='word_1_42' title='bbox 437 2713 608 2778; x_wconf 81' lang='lat' dir='ltr'><strong>octavum</strong></span> <span class='ocrx_word' id='word_1_43' title='bbox 624 2716 662 2772; x_wconf 85' lang='lat' dir='ltr'><strong>ot</strong></span> <span class='ocrx_word' id='word_1_44' title='bbox 674 2700 886 2772; x_wconf 87' lang='lat' dir='ltr'><strong>vicesimum</strong></span> <span class='ocrx_word' id='word_1_45' title='bbox 899 2723 1038 2772; x_wconf 83' lang='lat' dir='ltr'><strong>annum</strong></span> <span class='ocrx_word' id='word_1_46' title='bbox 1053 2699 1218 2798; x_wconf 77' lang='lat' dir='ltr'><strong>attigerat</strong></span> <span class='ocrx_word' id='word_1_47' title='bbox 1231 2703 1318 2772; x_wconf 90' lang='lat' dir='ltr'><strong>Lin-</strong></span> 
     </span>
     <span class='ocr_line' id='line_1_8' title="bbox 219 2816 1319 2916; baseline 0.002 -30"><span class='ocrx_word' id='word_1_48' title='bbox 219 2820 503 2913; x_wconf 81' lang='lat' dir='ltr'><strong>naeus‚.quumin</strong></span> <span class='ocrx_word' id='word_1_49' title='bbox 512 2816 1319 2916; x_wconf 79' lang='lat' dir='ltr'><strong>lucemprotulithasquatuordeeiminsignes</strong></span> 
     </span>
     <span class='ocr_line' id='line_1_9' title="bbox 220 2931 1320 3029; baseline 0.003 -29"><span class='ocrx_word' id='word_1_50' title='bbox 220 2932 367 3026; x_wconf 82' lang='lat' dir='ltr'><strong>paginas</strong></span> <span class='ocrx_word' id='word_1_51' title='bbox 386 2955 468 3028; x_wconf 84' lang='lat' dir='ltr'><strong>quae</strong></span> <span class='ocrx_word' id='word_1_52' title='bbox 490 2933 686 3006; x_wconf 79' lang='lat' dir='ltr'><strong>ordinatim</strong></span> <span class='ocrx_word' id='word_1_53' title='bbox 706 2938 903 3029; x_wconf 82' lang='lat' dir='ltr'><strong>animantia</strong></span> <span class='ocrx_word' id='word_1_54' title='bbox 918 2949 956 3006; x_wconf 86' lang='lat' dir='ltr'><strong>et</strong></span> <span class='ocrx_word' id='word_1_55' title='bbox 973 2932 1211 3006; x_wconf 85' lang='lat' dir='ltr'><strong>inanimantia</strong></span> <span class='ocrx_word' id='word_1_56' title='bbox 1228 2931 1320 3003; x_wconf 87' lang='lat' dir='ltr'><strong>adeo</strong></span> 
     </span>
     <span class='ocr_line' id='line_1_10' title="bbox 219 3041 1321 3184; baseline 0.005 -70"><span class='ocrx_word' id='word_1_57' title='bbox 219 3041 396 3142; x_wconf 84' lang='lat' dir='ltr'><strong>disposita</strong></span> <span class='ocrx_word' id='word_1_58' title='bbox 415 3045 654 3184; x_wconf 83' lang='lat' dir='ltr'><strong>patefaciunt,</strong></span> <span class='ocrx_word' id='word_1_59' title='bbox 668 3064 728 3141; x_wconf 88' lang='lat' dir='ltr'><strong>ut,</strong></span> <span class='ocrx_word' id='word_1_60' title='bbox 742 3054 848 3125; x_wconf 84' lang='lat' dir='ltr'><strong>novis</strong></span> <span class='ocrx_word' id='word_1_61' title='bbox 864 3049 997 3122; x_wconf 86' lang='lat' dir='ltr'><strong>hodie</strong></span> <span class='ocrx_word' id='word_1_62' title='bbox 987 3055 1163 3140; x_wconf 75' lang='lat' dir='ltr'><strong>inventis,</strong></span> <span class='ocrx_word' id='word_1_63' title='bbox 1183 3047 1321 3121; x_wconf 85' lang='lat' dir='ltr'><strong>artibus</strong></span> 
     </span>
    </p>
   </div>
   <div class='ocr_carea' id='block_1_4' title="bbox 153 3279 1339 4531">
    <p class='ocr_par' dir='ltr' id='par_1_4' title="bbox 221 3279 1271 3380">
     <span class='ocr_line' id='line_1_11' title="bbox 221 3279 1271 3380; baseline 0 -33"><span class='ocrx_word' id='word_1_64' title='bbox 221 3291 342 3350; x_wconf 87' lang='lat' dir='ltr'><strong>tamen</strong></span> <span class='ocrx_word' id='word_1_65' title='bbox 358 3279 531 3379; x_wconf 87' lang='lat' dir='ltr'><strong>pleraque</strong></span> <span class='ocrx_word' id='word_1_66' title='bbox 549 3305 724 3379; x_wconf 77' lang='lat' dir='ltr'><strong>genarum</strong></span> <span class='ocrx_word' id='word_1_67' title='bbox 742 3281 788 3354; x_wconf 88' lang='lat' dir='ltr'><strong>ab</strong></span> <span class='ocrx_word' id='word_1_68' title='bbox 807 3279 872 3352; x_wconf 90' lang='lat' dir='ltr'><strong>ilio</strong></span> <span class='ocrx_word' id='word_1_69' title='bbox 888 3284 1003 3380; x_wconf 86' lang='lat' dir='ltr'><strong>posita</strong></span> <span class='ocrx_word' id='word_1_70' title='bbox 1022 3291 1271 3379; x_wconf 87' lang='lat' dir='ltr'><strong>permaneant.</strong></span> 
     </span>
    </p>

    <p class='ocr_par' dir='ltr' id='par_1_5' title="bbox 153 3389 1339 4531">
     <span class='ocr_line' id='line_1_12' title="bbox 165 3389 1324 3502; baseline -0.008 -33"><span class='ocrx_word' id='word_1_71' title='bbox 165 3495 167 3502; x_wconf 28' lang='grc' dir='ltr'>Ι</span> <span class='ocrx_word' id='word_1_72' title='bbox 192 3459 196 3471; x_wconf 87' lang='grc'><strong>.</strong></span> <span class='ocrx_word' id='word_1_73' title='bbox 271 3392 379 3485; x_wconf 87' lang='lat' dir='ltr'><strong>Quod</strong></span> <span class='ocrx_word' id='word_1_74' title='bbox 399 3400 431 3467; x_wconf 83' lang='lat' dir='ltr'><strong>ei</strong></span> <span class='ocrx_word' id='word_1_75' title='bbox 444 3401 619 3470; x_wconf 85' lang='lat' dir='ltr'><strong>attentius</strong></span> <span class='ocrx_word' id='word_1_76' title='bbox 633 3397 854 3497; x_wconf 85' lang='lat' dir='ltr'><strong>opusculum</strong></span> <span class='ocrx_word' id='word_1_77' title='bbox 873 3397 985 3493; x_wconf 85' lang='lat' dir='ltr'><strong>legas,</strong></span> <span class='ocrx_word' id='word_1_78' title='bbox 1011 3393 1115 3466; x_wconf 83' lang='lat' dir='ltr'><strong>facile</strong></span> <span class='ocrx_word' id='word_1_79' title='bbox 1131 3389 1324 3492; x_wconf 82' lang='lat' dir='ltr'><strong>apparebit</strong></span> 
     </span>
     <span class='ocr_line' id='line_1_13' title="bbox 222 3507 1323 3625; baseline 0 -45"><span class='ocrx_word' id='word_1_80' title='bbox 222 3511 324 3581; x_wconf 86' lang='lat' dir='ltr'><strong>hune</strong></span> <span class='ocrx_word' id='word_1_81' title='bbox 329 3515 683 3624; x_wconf 44' lang='lat' dir='ltr'><strong>&#39;praestantissimum</strong></span> <span class='ocrx_word' id='word_1_82' title='bbox 707 3516 824 3585; x_wconf 84' lang='lat' dir='ltr'><strong>virum</strong></span> <span class='ocrx_word' id='word_1_83' title='bbox 854 3535 931 3625; x_wconf 81' lang='lat' dir='ltr'><strong>rent</strong></span> <span class='ocrx_word' id='word_1_84' title='bbox 963 3511 1034 3584; x_wconf 88' lang='lat' dir='ltr'><strong>sibi</strong></span> <span class='ocrx_word' id='word_1_85' title='bbox 1065 3507 1323 3608; x_wconf 83' lang='lat' dir='ltr'><strong>perficiendam</strong></span> 
     </span>
     <span class='ocr_line' id='line_1_14' title="bbox 180 3625 1320 3728; baseline 0.002 -32"><span class='ocrx_word' id='word_1_86' title='bbox 180 3707 182 3710; x_wconf 41' lang='grc'><strong>,</strong></span> <span class='ocrx_word' id='word_1_87' title='bbox 224 3639 367 3698; x_wconf 87' lang='lat' dir='ltr'><strong>mature</strong></span> <span class='ocrx_word' id='word_1_88' title='bbox 382 3631 555 3713; x_wconf 81' lang='lat' dir='ltr'><strong>sensisse,</strong></span> <span class='ocrx_word' id='word_1_89' title='bbox 577 3643 613 3700; x_wconf 87' lang='lat' dir='ltr'><strong>et</strong></span> <span class='ocrx_word' id='word_1_90' title='bbox 632 3629 740 3700; x_wconf 88' lang='lat' dir='ltr'><strong>simul</strong></span> <span class='ocrx_word' id='word_1_91' title='bbox 759 3629 826 3702; x_wconf 89' lang='lat' dir='ltr'><strong>hac</strong></span> <span class='ocrx_word' id='word_1_92' title='bbox 845 3632 962 3727; x_wconf 81' lang='lat' dir='ltr'><strong>prima</strong></span> <span class='ocrx_word' id='word_1_93' title='bbox 982 3634 1105 3728; x_wconf 87' lang='lat' dir='ltr'><strong>operis</strong></span> <span class='ocrx_word' id='word_1_94' title='bbox 1125 3625 1320 3698; x_wconf 89' lang='lat' dir='ltr'><strong>adumbra-</strong></span> 
     </span>
     <span class='ocr_line' id='line_1_15' title="bbox 225 3741 1326 3844; baseline 0.004 -34"><span class='ocrx_word' id='word_1_95' title='bbox 225 3744 339 3830; x_wconf 82' lang='lat' dir='ltr'><strong>tione,</strong></span> <span class='ocrx_word' id='word_1_96' title='bbox 351 3763 441 3839; x_wconf 85' lang='lat' dir='ltr'><strong>opes</strong></span> <span class='ocrx_word' id='word_1_97' title='bbox 456 3745 494 3810; x_wconf 92' lang='lat' dir='ltr'><strong>in</strong></span> <span class='ocrx_word' id='word_1_98' title='bbox 510 3741 737 3816; x_wconf 74' lang='lat' dir='ltr'><strong>naturalibus</strong></span> <span class='ocrx_word' id='word_1_99' title='bbox 746 3742 905 3816; x_wconf 78' lang='lat' dir='ltr'><strong>scientiis</strong></span> <span class='ocrx_word' id='word_1_100' title='bbox 919 3757 1041 3842; x_wconf 83' lang='lat' dir='ltr'><strong>partas</strong></span> <span class='ocrx_word' id='word_1_101' title='bbox 1060 3757 1184 3844; x_wconf 88' lang='lat' dir='ltr'><strong>postea</strong></span> <span class='ocrx_word' id='word_1_102' title='bbox 1197 3767 1326 3840; x_wconf 89' lang='lat' dir='ltr'><strong>recep-</strong></span> 
     </span>
     <span class='ocr_line' id='line_1_16' title="bbox 225 3857 1324 3956; baseline 0.003 -31"><span class='ocrx_word' id='word_1_103' title='bbox 225 3870 330 3944; x_wconf 86' lang='lat' dir='ltr'><strong>tura,</strong></span> <span class='ocrx_word' id='word_1_104' title='bbox 352 3871 532 3954; x_wconf 72' lang='lat' dir='ltr'><strong>pernotum</strong></span> <span class='ocrx_word' id='word_1_105' title='bbox 563 3858 700 3930; x_wconf 89' lang='lat' dir='ltr'><strong>tulisse.</strong></span> <span class='ocrx_word' id='word_1_106' title='bbox 738 3857 942 3948; x_wconf 72' lang='lat' dir='ltr'><strong>Laudatur,</strong></span> <span class='ocrx_word' id='word_1_107' title='bbox 974 3871 1012 3931; x_wconf 88' lang='lat' dir='ltr'><strong>et</strong></span> <span class='ocrx_word' id='word_1_108' title='bbox 1040 3859 1124 3954; x_wconf 85' lang='lat' dir='ltr'><strong>jure</strong></span> <span class='ocrx_word' id='word_1_109' title='bbox 1155 3857 1324 3956; x_wconf 90' lang='lat' dir='ltr'><strong>quidem,</strong></span> 
     </span>
     <span class='ocr_line' id='line_1_17' title="bbox 226 3968 1335 4071; baseline 0 -31"><span class='ocrx_word' id='word_1_110' title='bbox 226 3968 327 4064; x_wconf 86' lang='lat' dir='ltr'><strong>qnod</strong></span> <span class='ocrx_word' id='word_1_111' title='bbox 338 3992 419 4068; x_wconf 87' lang='lat' dir='ltr'><strong>quar</strong></span> <span class='ocrx_word' id='word_1_112' title='bbox 436 3975 560 4070; x_wconf 74' lang='lat' dir='ltr'><strong>priano</strong></span> <span class='ocrx_word' id='word_1_113' title='bbox 577 3986 725 4071; x_wconf 84' lang='lat' dir='ltr'><strong>aspectu</strong></span> <span class='ocrx_word' id='word_1_114' title='bbox 743 3987 987 4070; x_wconf 75' lang='lat' dir='ltr'><strong>praenoverat,</strong></span> <span class='ocrx_word' id='word_1_115' title='bbox 1001 3976 1223 4070; x_wconf 86' lang='lat' dir='ltr'><strong>experientia</strong></span> <span class='ocrx_word' id='word_1_116' title='bbox 1241 3995 1335 4044; x_wconf 55' lang='lat' dir='ltr'><strong>cons.</strong></span> 
     </span>
     <span class='ocr_line' id='line_1_18' title="bbox 227 4085 1326 4188; baseline 0 -32"><span class='ocrx_word' id='word_1_117' title='bbox 227 4085 371 4160; x_wconf 86' lang='lat' dir='ltr'><strong>firmata</strong></span> <span class='ocrx_word' id='word_1_118' title='bbox 388 4089 583 4185; x_wconf 59' lang='lat' dir='ltr'><strong>repererim</strong></span> <span class='ocrx_word' id='word_1_119' title='bbox 609 4085 702 4156; x_wconf 91' lang='lat' dir='ltr'><strong>nihil</strong></span> <span class='ocrx_word' id='word_1_120' title='bbox 722 4090 760 4156; x_wconf 93' lang='lat' dir='ltr'><strong>in</strong></span> <span class='ocrx_word' id='word_1_121' title='bbox 778 4085 1090 4185; x_wconf 86' lang='lat' dir='ltr'><strong>subseqnentibus</strong></span> <span class='ocrx_word' id='word_1_122' title='bbox 1117 4088 1326 4188; x_wconf 85' lang='lat' dir='ltr'><strong>explicatio·</strong></span> 
     </span>
     <span class='ocr_line' id='line_1_19' title="bbox 227 4195 1338 4300; baseline -0.002 -28"><span class='ocrx_word' id='word_1_123' title='bbox 227 4197 357 4289; x_wconf 82' lang='lat' dir='ltr'><strong>nibus,</strong></span> <span class='ocrx_word' id='word_1_124' title='bbox 375 4195 671 4299; x_wconf 79' lang='lat' dir='ltr'><strong>gravescentibus</strong></span> <span class='ocrx_word' id='word_1_125' title='bbox 689 4204 811 4290; x_wconf 86' lang='lat' dir='ltr'><strong>annis,</strong></span> <span class='ocrx_word' id='word_1_126' title='bbox 834 4204 1046 4292; x_wconf 83' lang='lat' dir='ltr'><strong>mutaverit3</strong></span> <span class='ocrx_word' id='word_1_127' title='bbox 1071 4224 1192 4300; x_wconf 89' lang='lat' dir='ltr'><strong>neque</strong></span> <span class='ocrx_word' id='word_1_128' title='bbox 1210 4221 1338 4300; x_wconf 88' lang='lat' dir='ltr'><strong>prope</strong></span> 
     </span>
     <span class='ocr_line' id='line_1_20' title="bbox 230 4313 1339 4415; baseline -0.004 -28"><span class='ocrx_word' id='word_1_129' title='bbox 230 4314 331 4389; x_wconf 87' lang='lat' dir='ltr'><strong>solus</strong></span> <span class='ocrx_word' id='word_1_130' title='bbox 343 4341 388 4394; x_wconf 82' lang='lat' dir='ltr'><strong>ex</strong></span> <span class='ocrx_word' id='word_1_131' title='bbox 400 4315 619 4392; x_wconf 86' lang='lat' dir='ltr'><strong>doctissimis</strong></span> <span class='ocrx_word' id='word_1_132' title='bbox 636 4319 745 4407; x_wconf 87' lang='lat' dir='ltr'><strong>viris,</strong></span> <span class='ocrx_word' id='word_1_133' title='bbox 764 4313 924 4390; x_wconf 75' lang='lat' dir='ltr'><strong>eversam</strong></span> <span class='ocrx_word' id='word_1_134' title='bbox 937 4331 1129 4394; x_wconf 81' lang='lat' dir='ltr'><strong>exstructa</strong></span> <span class='ocrx_word' id='word_1_135' title='bbox 1140 4314 1225 4394; x_wconf 86' lang='lat' dir='ltr'><strong>aedis</strong></span> <span class='ocrx_word' id='word_1_136' title='bbox 1243 4339 1339 4415; x_wconf 38' lang='lat' dir='ltr'><strong>par-t.</strong></span> 
     </span>
     <span class='ocr_line' id='line_1_21' title="bbox 153 4427 852 4531; baseline 0.003 -29"><span class='ocrx_word' id='word_1_137' title='bbox 153 4469 159 4475; x_wconf 89' lang='lat'><em>-</em></span> <span class='ocrx_word' id='word_1_138' title='bbox 226 4437 304 4503; x_wconf 82' lang='grc'><em>’33333</em></span> <span class='ocrx_word' id='word_1_139' title='bbox 324 4431 555 4531; x_wconf 88' lang='lat' dir='ltr'><strong>complanare</strong></span> <span class='ocrx_word' id='word_1_140' title='bbox 572 4427 852 4520; x_wconf 67' lang='lat' dir='ltr'><strong>&#39;coactnsfuerit</strong></span> 
     </span>
    </p>
   </div>
   <div class='ocr_carea' id='block_1_5' title="bbox 0 0 1709 5156">
    <p class='ocr_par' dir='ltr' id='par_1_6' title="bbox 0 0 1709 5156">
     <span class='ocr_line' id='line_1_22' title="bbox 0 0 1709 5156; baseline 0 0"><span class='ocrx_word' id='word_1_141' title='bbox 0 0 1709 5156; x_wconf 95' lang='lat' dir='ltr'><strong> </strong></span> 
     </span>
    </p>
   </div>
  </div>
 </body>
</html>
