3328 5154
196 558 231 624 in
249 554 509 648 distinguendis
527 555 716 651 generibus
736 559 884 650 piscium
905 554 1143 638 naturalibus,
1165 570 1200 622 et
1215 579 1297 648 spe-

195 671 328 738 cierum
344 651 551 740 differentiis
560 725 570 756 ,
591 695 709 766 parem
732 675 785 756 sui
807 673 863 740 vix
879 669 1014 740 habuit.
1034 669 1132 740 Hanc
1157 674 1296 740 curioso

195 785 320 853 lectori
352 783 420 874 jam
446 787 550 872 sisto,
581 799 619 862 ut
650 785 765 856 ideam
797 789 904 857 totius
924 789 1039 882 operis
1070 786 1148 856 heic
1167 787 1292 858 videat.

195 899 301 966 Plura
317 900 462 970 illustris
477 902 591 970 lector
606 899 705 972 brevi
726 901 768 971 ab
788 903 915 972 eodem
935 902 1175 996 exspectabit,
1199 905 1299 972 Insti-

194 1010 341 1080 tutiones
357 1035 486 1108 nempe
504 1015 609 1084 totius
621 1015 848 1108 icthyologioe.

246 1125 278 1196 5.
295 1123 385 1197 Sunt
399 1128 460 1222 qui
477 1139 604 1222 putent
615 1129 808 1221 zoologium
820 1132 937 1198 minus
950 1131 1071 1198 utilem
1086 1154 1177 1216 esse,
1188 1155 1296 1224 quam

177 1309 178 1314 ,
197 1239 352 1334 reliquas
366 1240 520 1310 historice
537 1243 702 1311 naturalis
728 1256 861 1336 partes,
885 1243 1055 1337 imprimis
1070 1241 1115 1310 ad
1134 1245 1298 1310 minutis-

195 1355 283 1422 sima
299 1356 507 1424 animalcula
527 1356 626 1450 quod
649 1359 793 1438 attinet;
819 1358 901 1444 sed,
924 1361 951 1428 si
966 1356 1036 1428 huc
1050 1383 1165 1456 usque
1186 1361 1298 1432 notis·

196 1470 364 1539 simorum
388 1471 634 1542 tantummodo
653 1475 869 1542 insectorum
891 1497 1039 1557 noxam,
1062 1474 1247 1542 utilitatem
1262 1487 1297 1542 et

196 1583 430 1676 proprietates
457 1585 742 1668 consideremus,
767 1584 867 1672 facile
896 1583 1098 1682 apparebit,
1126 1599 1295 1680 quantam

197 1697 399 1782 utilitatem,
414 1721 566 1792 eamque
576 1701 691 1791 magni
706 1701 878 1768 momenti
888 1699 1055 1782 suturam,
1069 1697 1295 1768 affunderent

197 1813 329 1890 ἰδιότητες
347 1837 488 1900 eorum,
508 1838 588 1907 quae
602 1814 760 1884 nondum
777 1814 888 1907 probe
904 1816 1043 1908 cognita
1056 1813 1159 1883 nobis
1181 1826 1274 1883 sunt.

245 1925 279 1998 6.
310 1932 418 1998 Noua
437 1927 489 2021 (5)
510 1929 726 1998 insectorum
752 1952 793 1996 ex
815 1926 1049 2022 sequentibus
1068 1928 1150 1996 satis
1169 1949 1297 2020 super-

198 2065 269 2136 que
294 2054 417 2136 patetz
441 2031 493 2112 ex.
524 2068 592 2138 gn,
613 2041 738 2128 blatta,
759 2043 794 2110 in
816 2042 997 2114 Finlandia
1014 2041 1232 2136 Russiaque,
1261 2057 1297 2112 et

196 2179 327 2250 panes,
345 2169 381 2224 et
394 2158 509 2226 omnis
528 2158 666 2252 generis
681 2160 889 2253 vestimenta
903 2157 1099 2240 consumit,
1118 2157 1166 2224 ita
1184 2167 1225 2224 ut
1241 2158 1298 2224 in-

192 2271 284 2362 colae
302 2270 537 2340 intensissima
554 2270 681 2366 hyeme
697 2270 874 2340 domicilia
892 2293 953 2340 sua
972 2267 1015 2337 ad
1031 2281 1171 2362 tempus
1189 2269 1298 2338 relin-

198 2407 308 2478 quere
330 2385 443 2452 coacti
470 2386 558 2469 sint,
576 2409 691 2479 usque
715 2384 799 2453 dum
826 2385 955 2476 frigore
973 2396 1105 2478 pereat.
1129 2385 1296 2468 OEstrum

199 2499 417 2596 luppouicum
434 2501 574 2568 tertiam
589 2489 730 2568 circiter
742 2509 878 2594 partem
892 2518 1075 2566 cervorum
1089 2495 1299 2590 Rangilero-

197 2635 296 2696 rum,
322 2634 385 2680 seu
410 2611 589 2707 pecudum
607 2613 891 2706 lapponicarum‚
911 2610 996 2678 dum
1017 2608 1133 2678 adhuc
1150 2609 1298 2702 juvenes

197 2725 373 2808 existunt,
400 2722 560 2794 destruit.
590 2724 720 2794 Terede
743 2725 878 2792 navium
902 2735 1072 2817 quantum
1100 2723 1297 2794 detrimen-

197 2855 275 2910 tum
293 2837 439 2908 navibus
462 2853 497 2908 et
514 2840 601 2935 palis
623 2841 777 2908 attulerit
799 2838 965 2907 omnibus
987 2841 1023 2906 in
1044 2837 1207 2907 confesso
1225 2853 1289 2908 est.

199 2952 332 3025 Calices
351 2966 483 3047 quanta
509 2955 667 3034 molestia
687 2953 851 3025 homines
873 2949 1085 3045 etpecudes
1102 2952 1137 3018 in
1156 2953 1299 3044 provin-

197 3074 259 3141 ciis
284 3070 476 3166 Lapponiae
504 3067 662 3138 linitimis
690 3067 860 3152 afficiant,
898 3065 1017 3136 dicere
1052 3067 1106 3134 vix
1138 3086 1292 3159 possum.

201 3187 318 3280 Grylli
342 3187 522 3254 domestici
542 3185 713 3255 notissimi
738 3185 785 3251 illi
810 3206 992 3250 murorum
1018 3181 1162 3264 incolae,
1189 3204 1295 3274 quam

200 3303 386 3371 molestum
414 3300 603 3370 stridorem
630 3298 755 3382 edant,
783 3311 818 3363 et
840 3320 947 3388 quam
972 3277 1100 3361 multas
1120 3295 1299 3362 insomnes

198 3428 323 3486 noctes
347 3414 551 3496 dormituris
571 3426 693 3484 creent
715 3436 770 3480 res
792 3412 970 3510 notissima
993 3422 1055 3479 est.
1076 3414 1219 3480 Muscas.
1237 3411 1301 3478 (lo-

199 3529 377 3612 menticus,
398 3530 432 3595 in
458 3527 649 3596 Finmarlia
669 3527 872 3618 norvegica,
906 3537 996 3592 totas
1022 3523 1149 3591 domos
1173 3525 1302 3616 imple-

196 3650 307 3732 visse,
327 3657 363 3712 et
380 3641 468 3711 nihil
490 3646 657 3711 intactum
674 3641 881 3734 reliquisse,
900 3641 974 3734 ipse
991 3639 1025 3706 in
1039 3639 1165 3709 itinere
1180 3639 1302 3734 lappo-

197 3762 279 3829 nico
290 3759 369 3828 vidi.
389 3756 526 3828 Puliccs
539 3753 760 3836 mulieribus,
781 3751 940 3822 Pcdiculi
951 3753 1066 3820 nautis
1083 3763 1118 3819 et
1131 3749 1301 3818 militibus

198 3885 369 3968 quantum
388 3869 557 3940 laborem
587 3884 622 3938 et
648 3870 845 3939 molestiam
872 3868 993 3935 multis
1017 3867 1051 3933 in
1081 3865 1168 3934 locis
1186 3863 1303 3934 laces-

197 3986 299 4076 cant',
318 3987 405 4055 nulli
434 4010 506 4054 non
542 3996 692 4081 copstat.
721 3985 823 4060 lmo,
855 3976 1099 4076 quadrupedia
1128 4006 1299 4078 quoque,

199 4129 299 4189 aves,
322 4118 407 4186 etc,
426 4103 577 4196 propriis
596 4099 768 4198 pediculis
788 4100 1030 4167 molestantur.
1056 4083 1165 4166 Acori
1180 4099 1301 4166 insec-

198 4231 314 4287 torum
341 4219 483 4290 minima
513 4214 739 4295 animalcula,
766 4215 838 4307 ipsa
866 4207 1110 4280 exanthemata
1140 4212 1300 4304 corporis
