3328 5154
1281 521 1315 610 iij

222 663 323 709 mum
335 639 654 714 instituisset.‘N0n
666 638 761 712 ultra
775 637 825 710 ias
837 654 911 711 erat
921 639 1105 733 incedere3
1119 651 1317 719 etmaxima

221 749 328 821 laude
347 749 476 850 dignus
498 768 552 824 est
573 763 737 826 summus
755 753 816 824 ille
835 757 890 824 vir
907 759 972 852 qui
985 760 1076 828 aeris
1093 760 1229 856 ingenii
1243 763 1319 831 acie
1376 812 1378 815 -

223 859 476 960 praemonitus,
496 867 641 941 noluit
631 871 744 942 irritis
762 867 955 940 conatibus
971 874 1065 954 vires
1084 895 1318 965 consumere,

222 993 259 1050 et
277 979 439 1052 methodi
455 979 634 1054 naturalis
657 997 720 1054 aut
736 983 980 1076 inveniendae,
1007 1001 1071 1059 aut
1089 985 1319 1120 perficiendae

221 1115 344 1166 curam
364 1100 518 1192 posteris
533 1101 694 1194 ingenue
713 1099 906 1172 commisit

268 1205 377 1280 Lib'er
408 1212 604 1308 inscriptus
622 1215 780 1285 Naturae
814 1213 977 1308 Systerna
1008 1216 1221 1313 quindecies
1257 1233 1321 1292 aut

221 1318 328 1392 uicies
343 1321 456 1437 praelo
472 1322 657 1418 subjectus
671 1322 758 1396 fuit·
748 1345 926 1426 ‚quaeque
941 1329 1052 1402 editio
1066 1335 1167 1406 vario
1182 1349 1321 1434 tempo·

222 1440 271 1508 ris
285 1441 404 1553 spatio
423 1441 568 1529 emissa,
594 1463 688 1512 nova
707 1443 947 1536 incrementa,
968 1445 1025 1517 vel
1042 1470 1062 1517 a
1081 1446 1250 1540 Linnaeo‚
1262 1447 1321 1522 vel

221 1550 464 1652 adiscipulis,
479 1551 601 1627 addita
616 1555 762 1653 recepit.
778 1559 897 1646 Prima
914 1579 1001 1630 vero
1018 1558 1209 1660 (lugduni
1220 1565 1321 1636 Bata·
1404 1651 1408 1662 Ι

161 1709 162 1712 =
221 1687 369 1755 vorum,
399 1667 572 1765 1735)
545 1668 591 1740 ad
625 1669 808 1743 notandos
840 1674 1074 1746 scientiarum
1104 1699 1319 1774 progressus

220 1787 342 1880 magni
354 1788 515 1858 interest.
533 1788 581 1886 ln,
593 1783 661 1857 hac
674 1809 749 1858 non
766 1809 875 1882 parva
889 1811 974 1859 cum
988 1787 1177 1886 voluptate
1194 1793 1318 1862 omnia

221 1919 303 1993 quae
314 1899 420 1969 initio
434 1897 650 1994 praevideret
666 1902 854 1992 Linuaeus,
870 1905 1079 1998 conspicere
1090 1903 1195 1979 facile
1205 1917 1321 1995 est,et

220 2015 334 2106 prima
352 2035 569 2108 magnorum
588 2035 743 2110 operum
758 1999 966 2088 rudimenta
979 2037 1062 2112 ¹quae
1078 2015 1212 2088 deiude
1229 2017 1321 2090 cele·

221 2111 393 2214 britatem
409 2149 578 2198 meruere
594 2141 769 2225 tanquam
786 2126 824 2198 in
841 2128 1010 2201 milliario
1028 2127 1169 2228 sculpta
1187 2129 1321 2202 discer-

221 2261 326 2326 nere;
345 2237 420 2310 haec
434 2237 493 2310 illa
508 2255 581 2330 est,
592 2254 634 2312 ut
644 2243 694 2312 ita
705 2240 839 2325 dicem,
853 2245 971 2338 prima
982 2239 1319 2316 Fundamentorum

221 2350 475 2424 botanicomm
493 2353 724 2430 adumbratio
749 2353 858 2452 1736,
877 2355 1082 2444 Generum,
1107 2351 1210 2452 1737,
1226 2353 1320 2426 (iias-

220 2471 314 2539 sium
325 2468 549 2567 plantarum,
567 2469 676 2568 1738,
693 2468 935 2566 Philosophiae
946 2467 1145 2558 botanicae,
1162 2465 1266 2564 1751,
1284 2479 1321 2540 et

220 2584 421 2656 multorum
436 2583 482 2656 de
499 2583 718 2657 animalibus
733 2599 770 2656 et
785 2581 1022 2670 mineralibus
1035 2584 1318 2654 commentario-

221 2721 303 2770 rum
321 2721 403 2797 quae
423 2697 614 2770 maximam
631 2683 775 2771 laudem
789 2695 1053 2788 obtinuissent,
1066 2697 1133 2770 nisi
1148 2703 1218 2770 Res
1234 2697 1318 2802 her·

220 2812 385 2912 baria2'in
399 2843 471 2915 qua
481 2816 586 2890 facile
599 2823 769 2918 princeps
783 2823 1004 2918 agnoscitur,
1018 2818 1141 2918 gloriae
1150 2822 1234 2892 satis
1243 2844 1319 2894 esse

221 2933 414 3007 videretur.

268 3055 346 3124 Hoc
365 3065 437 3140 tam
457 3057 658 3152 pretiosum
671 3055 829 3126 scientiae
845 3065 1127 3138 monumentum
1141 3051 1264 3130 multis
1282 3067 1320 3126 et

220 3165 277 3237 rel
303 3165 572 3264 bibliographis
596 3163 894 3254 desiderandum,
916 3163 966 3254 ob
983 3170 1199 3240 immensam
1216 3163 1318 3238 exilis

220 3277 305 3350 libri
334 3277 600 3364 dimensionem
635 3303 708 3376 qua
740 3277 956 3364 difficilioris
982 3303 1070 3351 usus
1095 3294 1192 3368 erat,
1215 3297 1318 3376 pene

220 3395 338 3490 periit.
641 3381 643 3386 ’

273 3509 398 3603 Neque
419 3506 456 3578 in
484 3513 607 3581 animo
626 3524 681 3579 est
702 3523 744 3580 ut
760 3509 906 3608 vulgare
923 3502 1004 3596 fia't3
1018 3491 1126 3598 nam,
1152 3507 1317 3607 quamvis

221 3621 452 3694 utiiissimum
464 3621 573 3695 fucrit
581 3624 784 3722 discipulis,
795 3625 965 3724 deinceps
977 3649 998 3696 a
1012 3628 1161 3697 curiosis
1173 3637 1316 3695 tantum

220 3738 489 3837 exquirendum
504 3753 568 3810 est.
594 3743 683 3811 Satis
710 3739 801 3810 mihi
822 3739 932 3812 fuerit
949 3744 979 3811 si
997 3739 1172 3824 herbarii,
1195 3741 1317 3834 quiin

220 3852 452 3953 philosophia
466 3869 668 3942 versantur,
681 3858 822 3952 possint
836 3854 925 3926 illud
944 3875 1172 3951 comparare,
1187 3865 1222 3924 et
1238 3876 1320 3950 gra·

220 3975 325 4059 tiam,
348 3995 472 4070 spero,
490 3968 580 4041 mihi
599 3971 763 4042 tribuent
785 3969 917 4042 dehac
939 3971 1097 4042 editione
1117 3969 1222 4066 cujus
1243 3988 1317 4039 non

220 4087 375 4183 amplius
387 4089 653 4185 quinquaginta
669 4101 706 4160 et
718 4101 864 4157 centum
876 4085 1093 4183 exemplaria
1109 4089 1205 4184 typis
1219 4107 1320 4156 man-

220 4197 306 4276 dare
324 4203 523 4271 statuerim.

269 4315 326 4384 Sic
352 4338 500 4412 prorsus
526 4311 669 4386 libelius
695 4313 785 4386 nihil
811 4309 907 4386 aliud
936 4328 1006 4404 est,
1035 4325 1172 4396 mutata
1196 4325 1316 4381 tamen
