<?xml version="1.0" encoding="UTF-8"?>
<!DOCTYPE html PUBLIC "-//W3C//DTD XHTML 1.0 Transitional//EN"
    "http://www.w3.org/TR/xhtml1/DTD/xhtml1-transitional.dtd">
<html xmlns="http://www.w3.org/1999/xhtml" xml:lang="en" lang="en">
 <head>
  <title>
</title>
<meta http-equiv="Content-Type" content="text/html;charset=utf-8" />
  <meta name='ocr-system' content='tesseract 3.04.00' />
  <meta name='ocr-capabilities' content='ocr_page ocr_carea ocr_par ocr_line ocrx_word'/>
</head>
<body>
  <div class='ocr_page' id='page_1' title='image "./carolilinnisuec00fegoog_0044.png"; bbox 0 0 3328 5154; ppageno 0'>
   <div class='ocr_carea' id='block_1_1' title="bbox 613 500 914 802">
    <p class='ocr_par' dir='ltr' id='par_1_1' title="bbox 613 500 914 802">
     <span class='ocr_line' id='line_1_1' title="bbox 675 500 798 596; baseline -0.024 -2"><span class='ocrx_word' id='word_1_1' title='bbox 675 500 688 593; x_wconf 78' lang='lat' dir='ltr'><em>l</em></span> <span class='ocrx_word' id='word_1_2' title='bbox 717 525 762 596; x_wconf 83' lang='lat'><em>29</em></span> <span class='ocrx_word' id='word_1_3' title='bbox 786 501 798 589; x_wconf 87' lang='grc'>)</span> 
     </span>
     <span class='ocr_line' id='line_1_2' title="bbox 613 713 914 802; baseline -0.01 0"><span class='ocrx_word' id='word_1_4' title='bbox 613 713 867 802; x_wconf 86' lang='lat' dir='ltr'><strong>ORDINES</strong></span> <span class='ocrx_word' id='word_1_5' title='bbox 911 765 914 774; x_wconf 88' lang='lat'><em>.</em></span> 
     </span>
    </p>
   </div>
   <div class='ocr_carea' id='block_1_2' title="bbox 189 918 1291 1243">
    <p class='ocr_par' dir='ltr' id='par_1_2' title="bbox 189 918 1291 1243">
     <span class='ocr_line' id='line_1_3' title="bbox 189 918 1291 1017; baseline 0.006 -26"><span class='ocrx_word' id='word_1_6' title='bbox 189 925 227 991; x_wconf 83' lang='lat' dir='ltr'><em>A</em></span> <span class='ocrx_word' id='word_1_7' title='bbox 226 923 371 1011; x_wconf 82' lang='lat' dir='ltr'><em>seminis</em></span> <span class='ocrx_word' id='word_1_8' title='bbox 382 942 443 990; x_wconf 91' lang='lat' dir='ltr'><em>seu</em></span> <span class='ocrx_word' id='word_1_9' title='bbox 445 918 604 1017; x_wconf 75' lang='lat' dir='ltr'><em>pusillis,</em></span> <span class='ocrx_word' id='word_1_10' title='bbox 619 936 657 990; x_wconf 90' lang='lat' dir='ltr'><em>ut</em></span> <span class='ocrx_word' id='word_1_11' title='bbox 670 921 796 990; x_wconf 81' lang='lat' dir='ltr'><em>classes</em></span> <span class='ocrx_word' id='word_1_12' title='bbox 810 947 832 988; x_wconf 90' lang='lat' dir='ltr'><em>a</em></span> <span class='ocrx_word' id='word_1_13' title='bbox 851 922 1000 991; x_wconf 85' lang='lat' dir='ltr'><em>maribus</em></span> <span class='ocrx_word' id='word_1_14' title='bbox 1012 947 1073 991; x_wconf 92' lang='lat' dir='ltr'><em>seu</em></span> <span class='ocrx_word' id='word_1_15' title='bbox 1089 927 1291 999; x_wconf 70' lang='lat' dir='ltr'><em>staminibus</em></span> 
     </span>
     <span class='ocr_line' id='line_1_4' title="bbox 239 1039 1291 1140; baseline 0.003 -32"><span class='ocrx_word' id='word_1_16' title='bbox 239 1040 482 1126; x_wconf 85' lang='lat' dir='ltr'><em>desumuntur;</em></span> <span class='ocrx_word' id='word_1_17' title='bbox 499 1041 537 1120; x_wconf 84' lang='lat' dir='ltr'><em>m</em></span> <span class='ocrx_word' id='word_1_18' title='bbox 547 1039 652 1110; x_wconf 85' lang='lat' dir='ltr'><em>classi</em></span> <span class='ocrx_word' id='word_1_19' title='bbox 660 1040 873 1133; x_wconf 80' lang='lat' dir='ltr'><em>syngencsioe</em></span> <span class='ocrx_word' id='word_1_20' title='bbox 896 1053 1009 1110; x_wconf 87' lang='lat' dir='ltr'><em>autem</em></span> <span class='ocrx_word' id='word_1_21' title='bbox 1031 1043 1204 1112; x_wconf 72' lang='lat' dir='ltr'><em>deieceris</em></span> <span class='ocrx_word' id='word_1_22' title='bbox 1218 1071 1291 1140; x_wconf 85' lang='lat' dir='ltr'><em>pa-</em></span> 
     </span>
     <span class='ocr_line' id='line_1_5' title="bbox 239 1150 657 1243; baseline -0.01 -19"><span class='ocrx_word' id='word_1_23' title='bbox 239 1179 313 1224; x_wconf 83' lang='lat' dir='ltr'><em>rum</em></span> <span class='ocrx_word' id='word_1_24' title='bbox 332 1150 498 1243; x_wconf 63' lang='lat' dir='ltr'><em>dr&#39;J‘i‘arunt</em></span> <span class='ocrx_word' id='word_1_25' title='bbox 511 1151 657 1222; x_wconf 77' lang='lat' dir='ltr'><em>ordines.</em></span> 
     </span>
    </p>
   </div>
   <div class='ocr_carea' id='block_1_3' title="bbox 190 1355 1299 4491">
    <p class='ocr_par' dir='ltr' id='par_1_3' title="bbox 190 1355 1287 1536">
     <span class='ocr_line' id='line_1_6' title="bbox 190 1355 1287 1438; baseline 0.005 -26"><span class='ocrx_word' id='word_1_26' title='bbox 190 1355 386 1432; x_wconf 76' lang='lat' dir='ltr'><em>Monoorms,</em></span> <span class='ocrx_word' id='word_1_27' title='bbox 414 1358 554 1438; x_wconf 81' lang='lat' dir='ltr'><em>digynia,</em></span> <span class='ocrx_word' id='word_1_28' title='bbox 578 1359 725 1438; x_wconf 81' lang='lat' dir='ltr'><em>trigynia,</em></span> <span class='ocrx_word' id='word_1_29' title='bbox 751 1358 934 1438; x_wconf 80' lang='lat' dir='ltr'><em>tetragynin,</em></span> <span class='ocrx_word' id='word_1_30' title='bbox 956 1368 1013 1415; x_wconf 86' lang='lat' dir='ltr'><em>etc.</em></span> <span class='ocrx_word' id='word_1_31' title='bbox 1039 1359 1142 1432; x_wconf 60' lang='lat' dir='ltr'><em>apost,</em></span> <span class='ocrx_word' id='word_1_32' title='bbox 1162 1357 1287 1430; x_wconf 84' lang='lat' dir='ltr'><em>femina,</em></span> 
     </span>
     <span class='ocr_line' id='line_1_7' title="bbox 230 1455 1118 1536; baseline 0 -24"><span class='ocrx_word' id='word_1_33' title='bbox 230 1456 391 1534; x_wconf 68' lang='lat' dir='ltr'><em>praepositis</em></span> <span class='ocrx_word' id='word_1_34' title='bbox 409 1455 541 1516; x_wconf 87' lang='lat' dir='ltr'><em>numeris</em></span> <span class='ocrx_word' id='word_1_35' title='bbox 558 1456 662 1536; x_wconf 85' lang='lat' dir='ltr'><em>graecis</em></span> <span class='ocrx_word' id='word_1_36' title='bbox 673 1456 818 1527; x_wconf 50' lang='lat' dir='ltr'><em>plionia,</em></span> <span class='ocrx_word' id='word_1_37' title='bbox 835 1460 911 1527; x_wconf 67' lang='lat' dir='ltr'><em>cpite,</em></span> <span class='ocrx_word' id='word_1_38' title='bbox 925 1463 1052 1527; x_wconf 62' lang='lat' dir='ltr'><em>simper,</em></span> <span class='ocrx_word' id='word_1_39' title='bbox 1063 1464 1118 1512; x_wconf 90' lang='lat' dir='ltr'><em>etc.</em></span> 
     </span>
    </p>

    <p class='ocr_par' dir='ltr' id='par_1_4' title="bbox 191 1545 1293 1826">
     <span class='ocr_line' id='line_1_8' title="bbox 231 1545 1293 1632; baseline 0.003 -24"><span class='ocrx_word' id='word_1_40' title='bbox 231 1547 275 1608; x_wconf 86' lang='lat' dir='ltr'><em>Id</em></span> <span class='ocrx_word' id='word_1_41' title='bbox 289 1565 335 1609; x_wconf 90' lang='lat' dir='ltr'><em>est</em></span> <span class='ocrx_word' id='word_1_42' title='bbox 347 1552 524 1632; x_wconf 85' lang='lat' dir='ltr'><em>pistillum,</em></span> <span class='ocrx_word' id='word_1_43' title='bbox 544 1573 571 1626; x_wconf 83' lang='grc' dir='ltr'><em>ι,</em></span> <span class='ocrx_word' id='word_1_44' title='bbox 592 1573 627 1628; x_wconf 86' lang='lat'><em>2,</em></span> <span class='ocrx_word' id='word_1_45' title='bbox 645 1551 680 1627; x_wconf 74' lang='grc' dir='ltr'><em>ὅ,</em></span> <span class='ocrx_word' id='word_1_46' title='bbox 698 1557 735 1626; x_wconf 82' lang='grc'><em>4,</em></span> <span class='ocrx_word' id='word_1_47' title='bbox 752 1558 809 1609; x_wconf 84' lang='lat' dir='ltr'><em>etc.</em></span> <span class='ocrx_word' id='word_1_48' title='bbox 831 1548 990 1608; x_wconf 80' lang='lat' dir='ltr'><em>Numerus</em></span> <span class='ocrx_word' id='word_1_49' title='bbox 1007 1545 1059 1607; x_wconf 82' lang='lat' dir='ltr'><em>bic</em></span> <span class='ocrx_word' id='word_1_50' title='bbox 1070 1551 1187 1632; x_wconf 80' lang='lat' dir='ltr'><em>pistilli</em></span> <span class='ocrx_word' id='word_1_51' title='bbox 1202 1553 1293 1612; x_wconf 85' lang='lat' dir='ltr'><em>desu-</em></span> 
     </span>
     <span class='ocr_line' id='line_1_9' title="bbox 191 1645 1292 1731; baseline 0.006 -29"><span class='ocrx_word' id='word_1_52' title='bbox 191 1646 318 1704; x_wconf 87' lang='lat' dir='ltr'><em>mitnra</em></span> <span class='ocrx_word' id='word_1_53' title='bbox 333 1645 405 1707; x_wconf 87' lang='lat' dir='ltr'><em>basi</em></span> <span class='ocrx_word' id='word_1_54' title='bbox 417 1648 513 1727; x_wconf 53' lang='lat' dir='ltr'><em>styli]</em></span> <span class='ocrx_word' id='word_1_55' title='bbox 526 1650 556 1706; x_wconf 90' lang='lat' dir='ltr'><em>si</em></span> <span class='ocrx_word' id='word_1_56' title='bbox 569 1649 669 1731; x_wconf 81' lang='lat' dir='ltr'><em>stylus</em></span> <span class='ocrx_word' id='word_1_57' title='bbox 685 1661 790 1708; x_wconf 86' lang='lat' dir='ltr'><em>autem</em></span> <span class='ocrx_word' id='word_1_58' title='bbox 808 1645 953 1728; x_wconf 82' lang='lat' dir='ltr'><em>deficiat,</em></span> <span class='ocrx_word' id='word_1_59' title='bbox 970 1668 990 1706; x_wconf 89' lang='lat' dir='ltr'><em>a</em></span> <span class='ocrx_word' id='word_1_60' title='bbox 1008 1667 1135 1710; x_wconf 90' lang='lat' dir='ltr'><em>numero</em></span> <span class='ocrx_word' id='word_1_61' title='bbox 1156 1651 1292 1730; x_wconf 86' lang='lat' dir='ltr'><em>stigma·</em></span> 
     </span>
     <span class='ocr_line' id='line_1_10' title="bbox 192 1747 462 1826; baseline 0.019 -25"><span class='ocrx_word' id='word_1_62' title='bbox 192 1757 257 1802; x_wconf 89' lang='lat' dir='ltr'><em>tum</em></span> <span class='ocrx_word' id='word_1_63' title='bbox 271 1747 407 1805; x_wconf 90' lang='lat' dir='ltr'><em>calculus</em></span> <span class='ocrx_word' id='word_1_64' title='bbox 407 1747 440 1826; x_wconf 86' lang='lat' dir='ltr'><em>fi</em></span> <span class='ocrx_word' id='word_1_65' title='bbox 442 1761 462 1806; x_wconf 92' lang='lat' dir='ltr'><em>t.</em></span> 
     </span>
    </p>

    <p class='ocr_par' dir='ltr' id='par_1_5' title="bbox 191 1843 1247 1927">
     <span class='ocr_line' id='line_1_11' title="bbox 191 1843 1247 1927; baseline 0.005 -25"><span class='ocrx_word' id='word_1_66' title='bbox 191 1843 377 1906; x_wconf 80' lang='lat' dir='ltr'><em>Mosoosms</em></span> <span class='ocrx_word' id='word_1_67' title='bbox 386 1859 498 1906; x_wconf 86' lang='lat' dir='ltr'><em>constat</em></span> <span class='ocrx_word' id='word_1_68' title='bbox 509 1845 610 1906; x_wconf 86' lang='lat' dir='ltr'><em>multis</em></span> <span class='ocrx_word' id='word_1_69' title='bbox 620 1847 749 1926; x_wconf 86' lang='lat' dir='ltr'><em>nuptiis,</em></span> <span class='ocrx_word' id='word_1_70' title='bbox 762 1848 897 1927; x_wconf 81' lang='lat' dir='ltr'><em>conjugia</em></span> <span class='ocrx_word' id='word_1_71' title='bbox 912 1867 985 1925; x_wconf 90' lang='lat' dir='ltr'><em>pura</em></span> <span class='ocrx_word' id='word_1_72' title='bbox 997 1845 1247 1908; x_wconf 83' lang='lat' dir='ltr'><em>contrahentibus.</em></span> 
     </span>
    </p>

    <p class='ocr_par' dir='ltr' id='par_1_6' title="bbox 191 1940 1295 2226">
     <span class='ocr_line' id='line_1_12' title="bbox 233 1940 1294 2026; baseline 0.005 -27"><span class='ocrx_word' id='word_1_73' title='bbox 233 1942 261 2000; x_wconf 92' lang='lat' dir='ltr'><em>I.</em></span> <span class='ocrx_word' id='word_1_74' title='bbox 273 1947 303 2002; x_wconf 62' lang='grc' dir='ltr'><em>οἱ</em></span> <span class='ocrx_word' id='word_1_75' title='bbox 320 1945 425 2004; x_wconf 90' lang='lat' dir='ltr'><em>multis</em></span> <span class='ocrx_word' id='word_1_76' title='bbox 433 1942 594 2026; x_wconf 87' lang='lat' dir='ltr'><em>flosculis,</em></span> <span class='ocrx_word' id='word_1_77' title='bbox 611 1940 798 2002; x_wconf 84' lang='lat' dir='ltr'><em>staminibus</em></span> <span class='ocrx_word' id='word_1_78' title='bbox 812 1956 841 2000; x_wconf 92' lang='lat' dir='ltr'><em>et</em></span> <span class='ocrx_word' id='word_1_79' title='bbox 851 1943 984 2024; x_wconf 68' lang='lat' dir='ltr'><em>pastillis</em></span> <span class='ocrx_word' id='word_1_80' title='bbox 999 1943 1167 2004; x_wconf 87' lang='lat' dir='ltr'><em>instructis.</em></span> <span class='ocrx_word' id='word_1_81' title='bbox 1183 1944 1294 2006; x_wconf 70' lang='lat' dir='ltr'><em>Hares</em></span> 
     </span>
     <span class='ocr_line' id='line_1_13' title="bbox 191 2039 1129 2124; baseline 0.009 -29"><span class='ocrx_word' id='word_1_82' title='bbox 191 2039 346 2120; x_wconf 74' lang='lat' dir='ltr'><em>ejusmodi</em></span> <span class='ocrx_word' id='word_1_83' title='bbox 355 2039 532 2100; x_wconf 78' lang='lat' dir='ltr'><em>maximam</em></span> <span class='ocrx_word' id='word_1_84' title='bbox 543 2053 671 2124; x_wconf 84' lang='lat' dir='ltr'><em>partem</em></span> <span class='ocrx_word' id='word_1_85' title='bbox 688 2041 782 2121; x_wconf 84' lang='lat' dir='ltr'><em>vulgo</em></span> <span class='ocrx_word' id='word_1_86' title='bbox 795 2041 968 2124; x_wconf 82' lang='lat' dir='ltr'><em>compositi</em></span> <span class='ocrx_word' id='word_1_87' title='bbox 977 2039 1129 2102; x_wconf 86' lang='lat' dir='ltr'><em>dicuntur.</em></span> 
     </span>
     <span class='ocr_line' id='line_1_14' title="bbox 192 2138 1295 2226; baseline 0.004 -29"><span class='ocrx_word' id='word_1_88' title='bbox 192 2138 378 2202; x_wconf 70' lang='lat' dir='ltr'><em>Pomorum.</em></span> <span class='ocrx_word' id='word_1_89' title='bbox 393 2140 452 2202; x_wconf 88' lang='lat' dir='ltr'><em>Ubi</em></span> <span class='ocrx_word' id='word_1_90' title='bbox 466 2141 586 2220; x_wconf 84' lang='lat' dir='ltr'><em>tbalami</em></span> <span class='ocrx_word' id='word_1_91' title='bbox 599 2163 666 2202; x_wconf 86' lang='lat' dir='ltr'><em>vere</em></span> <span class='ocrx_word' id='word_1_92' title='bbox 679 2152 841 2224; x_wconf 87' lang='lat' dir='ltr'><em>nuptorum</em></span> <span class='ocrx_word' id='word_1_93' title='bbox 855 2140 969 2202; x_wconf 88' lang='lat' dir='ltr'><em>discum</em></span> <span class='ocrx_word' id='word_1_94' title='bbox 981 2151 1144 2226; x_wconf 77' lang='lat' dir='ltr'><em>occupant,</em></span> <span class='ocrx_word' id='word_1_95' title='bbox 1159 2152 1189 2200; x_wconf 87' lang='lat' dir='ltr'><em>et</em></span> <span class='ocrx_word' id='word_1_96' title='bbox 1202 2142 1295 2204; x_wconf 80' lang='lat' dir='ltr'><em>ambi·</em></span> 
     </span>
    </p>

    <p class='ocr_par' dir='ltr' id='par_1_7' title="bbox 232 2238 1295 2319">
     <span class='ocr_line' id='line_1_15' title="bbox 232 2238 1295 2319; baseline 0.004 -24"><span class='ocrx_word' id='word_1_97' title='bbox 232 2249 294 2295; x_wconf 89' lang='lat' dir='ltr'><em>tum</em></span> <span class='ocrx_word' id='word_1_98' title='bbox 307 2239 430 2319; x_wconf 82' lang='lat' dir='ltr'><em>cingunt</em></span> <span class='ocrx_word' id='word_1_99' title='bbox 447 2238 569 2298; x_wconf 82' lang='lat' dir='ltr'><em>thalami</em></span> <span class='ocrx_word' id='word_1_100' title='bbox 584 2241 772 2300; x_wconf 73' lang='lat' dir='ltr'><em>meretricum</em></span> <span class='ocrx_word' id='word_1_101' title='bbox 788 2240 900 2298; x_wconf 86' lang='lat' dir='ltr'><em>maritis</em></span> <span class='ocrx_word' id='word_1_102' title='bbox 915 2238 1139 2313; x_wconf 84' lang='lat' dir='ltr'><em>destitutarum,</em></span> <span class='ocrx_word' id='word_1_103' title='bbox 1156 2250 1191 2298; x_wconf 90' lang='lat' dir='ltr'><em>ut</em></span> <span class='ocrx_word' id='word_1_104' title='bbox 1203 2262 1220 2300; x_wconf 91' lang='lat' dir='ltr'><em>a</em></span> <span class='ocrx_word' id='word_1_105' title='bbox 1233 2263 1295 2300; x_wconf 85' lang='lat' dir='ltr'><em>ma·</em></span> 
     </span>
    </p>

    <p class='ocr_par' dir='ltr' id='par_1_8' title="bbox 232 2335 1042 2396">
     <span class='ocr_line' id='line_1_16' title="bbox 232 2335 1042 2396; baseline 0 -2"><span class='ocrx_word' id='word_1_106' title='bbox 232 2337 297 2396; x_wconf 85' lang='lat' dir='ltr'><em>ritis</em></span> <span class='ocrx_word' id='word_1_107' title='bbox 309 2337 442 2396; x_wconf 83' lang='lat' dir='ltr'><em>uxoratis</em></span> <span class='ocrx_word' id='word_1_108' title='bbox 452 2335 667 2396; x_wconf 81' lang='lat' dir='ltr'><em>foecundentur.</em></span> <span class='ocrx_word' id='word_1_109' title='bbox 726 2378 727 2382; x_wconf 39' lang='lat'><em>.</em></span> <span class='ocrx_word' id='word_1_110' title='bbox 1038 2335 1042 2346; x_wconf 89' lang='grc'><strong>’</strong></span> 
     </span>
    </p>

    <p class='ocr_par' dir='ltr' id='par_1_9' title="bbox 192 2430 1295 2708">
     <span class='ocr_line' id='line_1_17' title="bbox 233 2430 1294 2522; baseline 0.007 -32"><span class='ocrx_word' id='word_1_111' title='bbox 233 2433 255 2490; x_wconf 93' lang='lat' dir='ltr'><em>J</em></span> <span class='ocrx_word' id='word_1_112' title='bbox 255 2478 263 2493; x_wconf 95' lang='lat'><em>.</em></span> <span class='ocrx_word' id='word_1_113' title='bbox 273 2453 300 2496; x_wconf 85' lang='lat' dir='ltr'><em>c.</em></span> <span class='ocrx_word' id='word_1_114' title='bbox 309 2432 364 2492; x_wconf 89' lang='lat' dir='ltr'><em>ubi</em></span> <span class='ocrx_word' id='word_1_115' title='bbox 362 2430 497 2514; x_wconf 84' lang='lat' dir='ltr'><em>flosculi</em></span> <span class='ocrx_word' id='word_1_116' title='bbox 505 2431 756 2522; x_wconf 79' lang='lat' dir='ltr'><em>hermaphroditi</em></span> <span class='ocrx_word' id='word_1_117' title='bbox 766 2434 887 2494; x_wconf 85' lang='lat' dir='ltr'><em>discum</em></span> <span class='ocrx_word' id='word_1_118' title='bbox 899 2447 1064 2514; x_wconf 86' lang='lat' dir='ltr'><em>occupant,</em></span> <span class='ocrx_word' id='word_1_119' title='bbox 1074 2445 1105 2522; x_wconf 80' lang='lat' dir='ltr'><em>et</em></span> <span class='ocrx_word' id='word_1_120' title='bbox 1119 2438 1294 2516; x_wconf 80' lang='lat' dir='ltr'><em>marginem</em></span> 
     </span>
     <span class='ocr_line' id='line_1_18' title="bbox 192 2529 1292 2613; baseline -0.002 -20"><span class='ocrx_word' id='word_1_121' title='bbox 192 2535 318 2612; x_wconf 80' lang='lat' dir='ltr'><em>cingunt</em></span> <span class='ocrx_word' id='word_1_122' title='bbox 318 2529 601 2613; x_wconf 78' lang='lat' dir='ltr'><em>flosculisteminiai</em></span> <span class='ocrx_word' id='word_1_123' title='bbox 605 2531 792 2590; x_wconf 87' lang='lat' dir='ltr'><em>staminibus</em></span> <span class='ocrx_word' id='word_1_124' title='bbox 799 2533 954 2600; x_wconf 88' lang='lat' dir='ltr'><em>destituti,</em></span> <span class='ocrx_word' id='word_1_125' title='bbox 959 2533 1052 2613; x_wconf 86' lang='lat' dir='ltr'><em>idque</em></span> <span class='ocrx_word' id='word_1_126' title='bbox 1061 2534 1182 2613; x_wconf 83' lang='lat' dir='ltr'><em>triplici</em></span> <span class='ocrx_word' id='word_1_127' title='bbox 1187 2537 1292 2594; x_wconf 82' lang='lat' dir='ltr'><em>modo.</em></span> 
     </span>
     <span class='ocr_line' id='line_1_19' title="bbox 193 2625 1295 2708; baseline 0.001 -18"><span class='ocrx_word' id='word_1_128' title='bbox 193 2661 217 2694; x_wconf 68' lang='lat' dir='ltr'><em>a.</em></span> <span class='ocrx_word' id='word_1_129' title='bbox 235 2631 406 2691; x_wconf 70' lang='lat' dir='ltr'><em>Supremas</em></span> <span class='ocrx_word' id='word_1_130' title='bbox 421 2630 532 2690; x_wconf 86' lang='lat' dir='ltr'><em>dicitur</em></span> <span class='ocrx_word' id='word_1_131' title='bbox 549 2633 616 2688; x_wconf 80' lang='lat' dir='ltr'><em>cbm</em></span> <span class='ocrx_word' id='word_1_132' title='bbox 637 2631 753 2690; x_wconf 77' lang='lat' dir='ltr'><em>feminae</em></span> <span class='ocrx_word' id='word_1_133' title='bbox 766 2632 908 2690; x_wconf 76' lang='lat' dir='ltr'><em>maritatae</em></span> <span class='ocrx_word' id='word_1_134' title='bbox 923 2625 1033 2689; x_wconf 86' lang='lat' dir='ltr'><em>fertiles</em></span> <span class='ocrx_word' id='word_1_135' title='bbox 1050 2643 1138 2708; x_wconf 90' lang='lat' dir='ltr'><em>sunt,</em></span> <span class='ocrx_word' id='word_1_136' title='bbox 1160 2654 1193 2691; x_wconf 87' lang='lat' dir='ltr'><em>ac</em></span> <span class='ocrx_word' id='word_1_137' title='bbox 1206 2632 1295 2694; x_wconf 85' lang='lat' dir='ltr'><em>lami-</em></span> 
     </span>
    </p>

    <p class='ocr_par' dir='ltr' id='par_1_10' title="bbox 233 2727 1295 2810">
     <span class='ocr_line' id='line_1_20' title="bbox 233 2727 1295 2810; baseline 0.002 -22"><span class='ocrx_word' id='word_1_138' title='bbox 233 2729 303 2788; x_wconf 85' lang='lat' dir='ltr'><em>liam</em></span> <span class='ocrx_word' id='word_1_139' title='bbox 321 2749 483 2810; x_wconf 84' lang='lat' dir='ltr'><em>propagare</em></span> <span class='ocrx_word' id='word_1_140' title='bbox 499 2741 628 2808; x_wconf 86' lang='lat' dir='ltr'><em>queunt;</em></span> <span class='ocrx_word' id='word_1_141' title='bbox 650 2727 723 2787; x_wconf 86' lang='lat' dir='ltr'><em>adeo</em></span> <span class='ocrx_word' id='word_1_142' title='bbox 735 2740 773 2786; x_wconf 86' lang='lat' dir='ltr'><em>ut</em></span> <span class='ocrx_word' id='word_1_143' title='bbox 792 2730 978 2788; x_wconf 77' lang='lat' dir='ltr'><em>meretricum</em></span> <span class='ocrx_word' id='word_1_144' title='bbox 993 2727 1137 2788; x_wconf 87' lang='lat' dir='ltr'><em>auxilium</em></span> <span class='ocrx_word' id='word_1_145' title='bbox 1159 2729 1295 2790; x_wconf 85' lang='lat' dir='ltr'><em>videatur</em></span> 
     </span>
    </p>

    <p class='ocr_par' dir='ltr' id='par_1_11' title="bbox 235 2809 1087 2910">
     <span class='ocr_line' id='line_1_21' title="bbox 235 2809 1087 2910; baseline -0.002 -23"><span class='ocrx_word' id='word_1_146' title='bbox 235 2827 428 2910; x_wconf 82' lang='lat' dir='ltr'><em>superfluum.</em></span> <span class='ocrx_word' id='word_1_147' title='bbox 1083 2809 1087 2816; x_wconf 32' lang='lat'><strong>⁴</strong></span> 
     </span>
    </p>

    <p class='ocr_par' dir='ltr' id='par_1_12' title="bbox 193 2911 1297 3201">
     <span class='ocr_line' id='line_1_22' title="bbox 233 2911 1297 3008; baseline -0.003 -22"><span class='ocrx_word' id='word_1_148' title='bbox 233 2927 264 2986; x_wconf 91' lang='lat' dir='ltr'><em>I.</em></span> <span class='ocrx_word' id='word_1_149' title='bbox 280 2948 308 2986; x_wconf 87' lang='lat' dir='ltr'><em>e.</em></span> <span class='ocrx_word' id='word_1_150' title='bbox 322 2919 392 2985; x_wconf 88' lang='lat' dir='ltr'><em>cum</em></span> <span class='ocrx_word' id='word_1_151' title='bbox 399 2923 501 3008; x_wconf 87' lang='lat' dir='ltr'><em>stores</em></span> <span class='ocrx_word' id='word_1_152' title='bbox 514 2925 596 2984; x_wconf 85' lang='lat' dir='ltr'><em>disci</em></span> <span class='ocrx_word' id='word_1_153' title='bbox 612 2922 860 3006; x_wconf 78' lang='lat' dir='ltr'><em>lrermapltmditi</em></span> <span class='ocrx_word' id='word_1_154' title='bbox 873 2925 1024 3002; x_wconf 79' lang='lat' dir='ltr'><em>stigmate</em></span> <span class='ocrx_word' id='word_1_155' title='bbox 1043 2911 1243 2994; x_wconf 77' lang='lat' dir='ltr'><em>instruuntur,</em></span> <span class='ocrx_word' id='word_1_156' title='bbox 1267 2941 1297 2983; x_wconf 84' lang='lat' dir='ltr'><em>et</em></span> 
     </span>
     <span class='ocr_line' id='line_1_23' title="bbox 194 3021 1296 3106; baseline -0.002 -23"><span class='ocrx_word' id='word_1_157' title='bbox 194 3028 316 3084; x_wconf 89' lang='lat' dir='ltr'><em>semina</em></span> <span class='ocrx_word' id='word_1_158' title='bbox 324 3023 508 3106; x_wconf 82' lang='lat' dir='ltr'><em>proferunt,</em></span> <span class='ocrx_word' id='word_1_159' title='bbox 518 3021 621 3105; x_wconf 79' lang='lat' dir='ltr'><em>stores</em></span> <span class='ocrx_word' id='word_1_160' title='bbox 639 3021 920 3104; x_wconf 86' lang='lat' dir='ltr'><em>quoquefeminini</em></span> <span class='ocrx_word' id='word_1_161' title='bbox 936 3022 1060 3081; x_wconf 86' lang='lat' dir='ltr'><em>radium</em></span> <span class='ocrx_word' id='word_1_162' title='bbox 1073 3023 1296 3084; x_wconf 84' lang='lat' dir='ltr'><em>constituentes</em></span> 
     </span>
     <span class='ocr_line' id='line_1_24' title="bbox 193 3119 587 3201; baseline -0.01 -19"><span class='ocrx_word' id='word_1_163' title='bbox 193 3119 587 3201; x_wconf 70' lang='lat' dir='ltr'><em>similiterseminafirunt.</em></span> 
     </span>
    </p>

    <p class='ocr_par' dir='ltr' id='par_1_13' title="bbox 195 3218 1298 3497">
     <span class='ocr_line' id='line_1_25' title="bbox 195 3218 1298 3305; baseline 0.001 -26"><span class='ocrx_word' id='word_1_164' title='bbox 195 3229 218 3283; x_wconf 77' lang='lat' dir='ltr'><em>C.</em></span> <span class='ocrx_word' id='word_1_165' title='bbox 238 3221 429 3284; x_wconf 77' lang='lat' dir='ltr'><em>Frusrnmes</em></span> <span class='ocrx_word' id='word_1_166' title='bbox 444 3221 552 3279; x_wconf 90' lang='lat' dir='ltr'><em>dicitur</em></span> <span class='ocrx_word' id='word_1_167' title='bbox 575 3221 642 3280; x_wconf 81' lang='lat' dir='ltr'><em>eitm</em></span> <span class='ocrx_word' id='word_1_168' title='bbox 663 3219 778 3277; x_wconf 83' lang='lat' dir='ltr'><em>seminae</em></span> <span class='ocrx_word' id='word_1_169' title='bbox 798 3220 940 3298; x_wconf 82' lang='lat' dir='ltr'><em>maritatae</em></span> <span class='ocrx_word' id='word_1_170' title='bbox 958 3218 1076 3280; x_wconf 79' lang='lat' dir='ltr'><em>fertiles</em></span> <span class='ocrx_word' id='word_1_171' title='bbox 1090 3233 1176 3294; x_wconf 88' lang='lat' dir='ltr'><em>sunt,</em></span> <span class='ocrx_word' id='word_1_172' title='bbox 1193 3233 1223 3305; x_wconf 66' lang='lat' dir='ltr'><em>et</em></span> <span class='ocrx_word' id='word_1_173' title='bbox 1236 3244 1298 3302; x_wconf 85' lang='lat' dir='ltr'><em>spe·</em></span> 
     </span>
     <span class='ocr_line' id='line_1_26' title="bbox 235 3316 1295 3398; baseline 0.002 -24"><span class='ocrx_word' id='word_1_174' title='bbox 235 3319 309 3375; x_wconf 90' lang='lat' dir='ltr'><em>ciem</em></span> <span class='ocrx_word' id='word_1_175' title='bbox 328 3337 489 3398; x_wconf 84' lang='lat' dir='ltr'><em>propagare</em></span> <span class='ocrx_word' id='word_1_176' title='bbox 503 3329 632 3397; x_wconf 80' lang='lat' dir='ltr'><em>queunt3</em></span> <span class='ocrx_word' id='word_1_177' title='bbox 656 3317 827 3375; x_wconf 86' lang='lat' dir='ltr'><em>meretrices</em></span> <span class='ocrx_word' id='word_1_178' title='bbox 845 3327 943 3374; x_wconf 84' lang='lat' dir='ltr'><em>autem</em></span> <span class='ocrx_word' id='word_1_179' title='bbox 962 3317 1001 3374; x_wconf 91' lang='lat' dir='ltr'><em>ob</em></span> <span class='ocrx_word' id='word_1_180' title='bbox 1022 3316 1169 3376; x_wconf 85' lang='lat' dir='ltr'><em>deiectum</em></span> <span class='ocrx_word' id='word_1_181' title='bbox 1182 3319 1295 3391; x_wconf 69' lang='lat' dir='ltr'><em>vulva,</em></span> 
     </span>
     <span class='ocr_line' id='line_1_27' title="bbox 236 3416 871 3497; baseline -0.002 -22"><span class='ocrx_word' id='word_1_182' title='bbox 236 3417 328 3475; x_wconf 83' lang='lat' dir='ltr'><em>veluti</em></span> <span class='ocrx_word' id='word_1_183' title='bbox 341 3429 487 3492; x_wconf 81' lang='lat' dir='ltr'><em>castratae,</em></span> <span class='ocrx_word' id='word_1_184' title='bbox 507 3416 697 3497; x_wconf 84' lang='lat' dir='ltr'><em>impraegnari</em></span> <span class='ocrx_word' id='word_1_185' title='bbox 709 3427 871 3496; x_wconf 89' lang='lat' dir='ltr'><em>nequeunt.</em></span> 
     </span>
    </p>

    <p class='ocr_par' dir='ltr' id='par_1_14' title="bbox 193 3512 1299 3796">
     <span class='ocr_line' id='line_1_28' title="bbox 234 3512 1299 3600; baseline 0.003 -28"><span class='ocrx_word' id='word_1_186' title='bbox 234 3515 264 3575; x_wconf 90' lang='grc' dir='ltr'><em>Ι.</em></span> <span class='ocrx_word' id='word_1_187' title='bbox 288 3537 314 3574; x_wconf 86' lang='lat' dir='ltr'><em>e.</em></span> <span class='ocrx_word' id='word_1_188' title='bbox 330 3512 508 3596; x_wconf 81' lang='lat' dir='ltr'><em>cumstones</em></span> <span class='ocrx_word' id='word_1_189' title='bbox 520 3516 604 3573; x_wconf 82' lang='lat' dir='ltr'><em>disci</em></span> <span class='ocrx_word' id='word_1_190' title='bbox 619 3512 869 3597; x_wconf 78' lang='lat' dir='ltr'><em>lterrnaplrroditi</em></span> <span class='ocrx_word' id='word_1_191' title='bbox 884 3516 1032 3595; x_wconf 80' lang='lat' dir='ltr'><em>stigmate</em></span> <span class='ocrx_word' id='word_1_192' title='bbox 1049 3516 1250 3600; x_wconf 76' lang='lat' dir='ltr'><em>instruuntur,</em></span> <span class='ocrx_word' id='word_1_193' title='bbox 1268 3533 1299 3582; x_wconf 81' lang='lat' dir='ltr'><em>et</em></span> 
     </span>
     <span class='ocr_line' id='line_1_29' title="bbox 193 3613 1298 3698; baseline 0.005 -25"><span class='ocrx_word' id='word_1_194' title='bbox 193 3616 314 3675; x_wconf 88' lang='lat' dir='ltr'><em>semina</em></span> <span class='ocrx_word' id='word_1_195' title='bbox 321 3615 496 3697; x_wconf 78' lang='lat' dir='ltr'><em>proferunt,</em></span> <span class='ocrx_word' id='word_1_196' title='bbox 500 3613 635 3698; x_wconf 85' lang='lat' dir='ltr'><em>flosculi</em></span> <span class='ocrx_word' id='word_1_197' title='bbox 644 3634 717 3673; x_wconf 88' lang='lat' dir='ltr'><em>vero</em></span> <span class='ocrx_word' id='word_1_198' title='bbox 729 3615 852 3673; x_wconf 86' lang='lat' dir='ltr'><em>radium</em></span> <span class='ocrx_word' id='word_1_199' title='bbox 862 3616 1098 3690; x_wconf 83' lang='lat' dir='ltr'><em>constituentes,</em></span> <span class='ocrx_word' id='word_1_200' title='bbox 1116 3634 1211 3696; x_wconf 86' lang='lat' dir='ltr'><em>quum</em></span> <span class='ocrx_word' id='word_1_201' title='bbox 1220 3617 1298 3695; x_wconf 84' lang='lat' dir='ltr'><em>stig·</em></span> 
     </span>
     <span class='ocr_line' id='line_1_30' title="bbox 195 3711 1014 3796; baseline -0.007 -20"><span class='ocrx_word' id='word_1_202' title='bbox 195 3729 280 3776; x_wconf 89' lang='lat' dir='ltr'><em>mate</em></span> <span class='ocrx_word' id='word_1_203' title='bbox 292 3729 439 3788; x_wconf 85' lang='lat' dir='ltr'><em>careant,</em></span> <span class='ocrx_word' id='word_1_204' title='bbox 456 3716 577 3774; x_wconf 86' lang='lat' dir='ltr'><em>semina</em></span> <span class='ocrx_word' id='word_1_205' title='bbox 585 3711 726 3796; x_wconf 80' lang='lat' dir='ltr'><em>proferre</em></span> <span class='ocrx_word' id='word_1_206' title='bbox 739 3727 905 3795; x_wconf 86' lang='lat' dir='ltr'><em>nequeunt.</em></span> <span class='ocrx_word' id='word_1_207' title='bbox 1012 3713 1014 3722; x_wconf 83' lang='lat'>&#39;</span> 
     </span>
    </p>

    <p class='ocr_par' dir='ltr' id='par_1_15' title="bbox 196 3809 1297 3892">
     <span class='ocr_line' id='line_1_31' title="bbox 196 3809 1297 3892; baseline -0.002 -18"><span class='ocrx_word' id='word_1_208' title='bbox 196 3845 224 3892; x_wconf 57' lang='grc' dir='ltr'><em>γ.</em></span> <span class='ocrx_word' id='word_1_209' title='bbox 242 3815 423 3876; x_wconf 74' lang='lat' dir='ltr'><em>Necessitas</em></span> <span class='ocrx_word' id='word_1_210' title='bbox 435 3813 544 3879; x_wconf 85' lang='lat' dir='ltr'><em>dicitur</em></span> <span class='ocrx_word' id='word_1_211' title='bbox 558 3815 629 3872; x_wconf 76' lang='lat' dir='ltr'><em>cum</em></span> <span class='ocrx_word' id='word_1_212' title='bbox 643 3812 762 3872; x_wconf 78' lang='lat' dir='ltr'><em>feminae</em></span> <span class='ocrx_word' id='word_1_213' title='bbox 778 3813 935 3888; x_wconf 69' lang='lat' dir='ltr'><em>maritata,</em></span> <span class='ocrx_word' id='word_1_214' title='bbox 955 3810 995 3872; x_wconf 87' lang='lat' dir='ltr'><em>ab</em></span> <span class='ocrx_word' id='word_1_215' title='bbox 1013 3809 1186 3892; x_wconf 84' lang='lat' dir='ltr'><em>genitalium</em></span> <span class='ocrx_word' id='word_1_216' title='bbox 1199 3809 1297 3872; x_wconf 88' lang='lat' dir='ltr'><em>labem</em></span> 
     </span>
    </p>

    <p class='ocr_par' dir='ltr' id='par_1_16' title="bbox 221 3901 1299 4194">
     <span class='ocr_line' id='line_1_32' title="bbox 221 3901 1299 3994; baseline -0.004 -20"><span class='ocrx_word' id='word_1_217' title='bbox 221 3901 267 3974; x_wconf 84' lang='lat' dir='ltr'><em>¹et</em></span> <span class='ocrx_word' id='word_1_218' title='bbox 276 3913 372 3974; x_wconf 85' lang='lat' dir='ltr'><em>vnlvae</em></span> <span class='ocrx_word' id='word_1_219' title='bbox 384 3913 528 3972; x_wconf 83' lang='lat' dir='ltr'><em>defectum</em></span> <span class='ocrx_word' id='word_1_220' title='bbox 537 3911 667 3985; x_wconf 84' lang='lat' dir='ltr'><em>steriles,</em></span> <span class='ocrx_word' id='word_1_221' title='bbox 687 3909 828 3972; x_wconf 81' lang='lat' dir='ltr'><em>familiam</em></span> <span class='ocrx_word' id='word_1_222' title='bbox 842 3913 1005 3994; x_wconf 83' lang='lat' dir='ltr'><em>propagare</em></span> <span class='ocrx_word' id='word_1_223' title='bbox 1019 3909 1191 3990; x_wconf 63' lang='lat' dir='ltr'><em>nequeunt}</em></span> <span class='ocrx_word' id='word_1_224' title='bbox 1207 3932 1299 3970; x_wconf 87' lang='lat' dir='ltr'><em>mere·</em></span> 
     </span>
     <span class='ocr_line' id='line_1_33' title="bbox 237 4009 1297 4082; baseline -0.005 -8"><span class='ocrx_word' id='word_1_225' title='bbox 237 4014 361 4074; x_wconf 88' lang='lat' dir='ltr'><em>tricibus</em></span> <span class='ocrx_word' id='word_1_226' title='bbox 379 4025 507 4072; x_wconf 87' lang='lat' dir='ltr'><em>autema</em></span> <span class='ocrx_word' id='word_1_227' title='bbox 525 4011 637 4071; x_wconf 84' lang='lat' dir='ltr'><em>maritis</em></span> <span class='ocrx_word' id='word_1_228' title='bbox 657 4011 832 4070; x_wconf 83' lang='lat' dir='ltr'><em>seminarum</em></span> <span class='ocrx_word' id='word_1_229' title='bbox 848 4009 1041 4082; x_wconf 85' lang='lat' dir='ltr'><em>soecundatis,&#39;</em></span> <span class='ocrx_word' id='word_1_230' title='bbox 1053 4030 1182 4072; x_wconf 88' lang='lat' dir='ltr'><em>uxorum</em></span> <span class='ocrx_word' id='word_1_231' title='bbox 1198 4011 1297 4072; x_wconf 89' lang='lat' dir='ltr'><em>locum</em></span> 
     </span>
     <span class='ocr_line' id='line_1_34' title="bbox 238 4107 1000 4194; baseline -0.007 -24"><span class='ocrx_word' id='word_1_232' title='bbox 238 4110 460 4192; x_wconf 83' lang='lat' dir='ltr'><em>supplentibus,</em></span> <span class='ocrx_word' id='word_1_233' title='bbox 477 4107 666 4190; x_wconf 88' lang='lat' dir='ltr'><em>sobolemque</em></span> <span class='ocrx_word' id='word_1_234' title='bbox 681 4107 746 4168; x_wconf 80' lang='lat' dir='ltr'><em>laete</em></span> <span class='ocrx_word' id='word_1_235' title='bbox 759 4107 1000 4194; x_wconf 81' lang='lat' dir='ltr'><em>propagantibus.</em></span> 
     </span>
    </p>

    <p class='ocr_par' dir='ltr' id='par_1_17' title="bbox 198 4203 1299 4491">
     <span class='ocr_line' id='line_1_35' title="bbox 238 4203 1299 4290; baseline -0.005 -23"><span class='ocrx_word' id='word_1_236' title='bbox 238 4207 267 4268; x_wconf 89' lang='lat' dir='ltr'><em>J.</em></span> <span class='ocrx_word' id='word_1_237' title='bbox 286 4230 313 4266; x_wconf 90' lang='lat' dir='ltr'><em>e.</em></span> <span class='ocrx_word' id='word_1_238' title='bbox 338 4213 409 4266; x_wconf 80' lang='lat' dir='ltr'><em>cum</em></span> <span class='ocrx_word' id='word_1_239' title='bbox 418 4203 520 4290; x_wconf 85' lang='lat' dir='ltr'><em>stores</em></span> <span class='ocrx_word' id='word_1_240' title='bbox 537 4203 785 4288; x_wconf 80' lang='lat' dir='ltr'><em>liermaplzroditi</em></span> <span class='ocrx_word' id='word_1_241' title='bbox 804 4205 844 4267; x_wconf 84' lang='lat' dir='ltr'><em>ob</em></span> <span class='ocrx_word' id='word_1_242' title='bbox 867 4204 1026 4286; x_wconf 62' lang='lat' dir='ltr'><em>deflectam</em></span> <span class='ocrx_word' id='word_1_243' title='bbox 1049 4205 1208 4284; x_wconf 78' lang='lat' dir='ltr'><em>stigmatis</em></span> <span class='ocrx_word' id='word_1_244' title='bbox 1229 4209 1299 4288; x_wconf 89' lang='lat' dir='ltr'><em>pis-</em></span> 
     </span>
     <span class='ocr_line' id='line_1_36' title="bbox 198 4301 1299 4391; baseline -0.002 -27"><span class='ocrx_word' id='word_1_245' title='bbox 198 4308 261 4367; x_wconf 89' lang='lat' dir='ltr'><em>tilli</em></span> <span class='ocrx_word' id='word_1_246' title='bbox 269 4309 391 4366; x_wconf 90' lang='lat' dir='ltr'><em>semina</em></span> <span class='ocrx_word' id='word_1_247' title='bbox 398 4307 550 4388; x_wconf 84' lang='lat' dir='ltr'><em>perficere</em></span> <span class='ocrx_word' id='word_1_248' title='bbox 557 4321 712 4390; x_wconf 88' lang='lat' dir='ltr'><em>nequeunt</em></span> <span class='ocrx_word' id='word_1_249' title='bbox 719 4329 732 4380; x_wconf 88' lang='lat'><em>,·</em></span> <span class='ocrx_word' id='word_1_250' title='bbox 736 4301 875 4391; x_wconf 77' lang='lat' dir='ltr'><em>floribus</em></span> <span class='ocrx_word' id='word_1_251' title='bbox 886 4319 989 4364; x_wconf 88' lang='lat' dir='ltr'><em>autem</em></span> <span class='ocrx_word' id='word_1_252' title='bbox 989 4305 1158 4386; x_wconf 75' lang='lat' dir='ltr'><em>flemininls</em></span> <span class='ocrx_word' id='word_1_253' title='bbox 1170 4307 1299 4364; x_wconf 83' lang='lat' dir='ltr'><em>inradia</em></span> 
     </span>
     <span class='ocr_line' id='line_1_37' title="bbox 198 4405 718 4491; baseline 0 -25"><span class='ocrx_word' id='word_1_254' title='bbox 198 4411 317 4467; x_wconf 86' lang='lat' dir='ltr'><em>semina</em></span> <span class='ocrx_word' id='word_1_255' title='bbox 328 4407 468 4488; x_wconf 68' lang='lat' dir='ltr'><em>peffccta</em></span> <span class='ocrx_word' id='word_1_256' title='bbox 478 4405 718 4491; x_wconf 81' lang='lat' dir='ltr'><em>proferentibus.</em></span> 
     </span>
    </p>
   </div>
   <div class='ocr_carea' id='block_1_4' title="bbox 0 0 1678 5154">
    <p class='ocr_par' dir='ltr' id='par_1_18' title="bbox 0 0 1678 5154">
     <span class='ocr_line' id='line_1_38' title="bbox 0 0 1678 5154; baseline 0 0"><span class='ocrx_word' id='word_1_257' title='bbox 0 0 1678 5154; x_wconf 95' lang='lat' dir='ltr'><em> </em></span> 
     </span>
    </p>
   </div>
  </div>
 </body>
</html>
