3328 5154
184 515 719 544 mmmssfflfflfflmfflffl
724 512 1291 536 MWWUUWBWQUWUQUMQM

1149 721 1150 728 ,
1215 693 1239 724 Ὢ

454 722 1033 874 onsuavlsuouns

643 997 755 1046 ‘IN

227 1141 533 1323 uacua
569 1191 777 1316 ram
824 1189 1226 1318 nuruum.

654 1497 835 1524 -α-οοοι-

239 1681 269 1746 ι·
288 1673 325 1747 si
342 1698 452 1770 opera
468 1667 534 1744 Dei
556 1674 778 1758 intueamur,
805 1669 972 1742 omnibus
1000 1671 1083 1740 satis
1106 1691 1288 1764 superque

186 1797 297 1884 patet,
310 1789 461 1861 viventia
474 1785 608 1880 singula
621 1810 665 1855 ex
680 1809 747 1854 ovo
760 1777 964 1882 propagari,
979 1767 1162 1888 omneque
1182 1807 1288 1852 ovum
1381 1850 1383 1858 ,

86 1971 88 1973 ,
185 1903 384 2000 producere
400 1899 570 1971 sobolem
582 1899 719 1996 parenti
737 1899 960 1969 simillimam.
983 1895 1074 1968 Hine
1090 1896 1196 1965 nullae
1212 1919 1290 1990 spe-

187 2019 259 2114 cies
277 2037 377 2090 novae
395 2013 591 2088 hodienum
607 2013 865 2110 producuntur.
937 2041 939 2048 ’

238 2143 273 2202 2⁰
268 2135 338 2202 Ex
355 2125 582 2226 generatione
602 2124 1082 2232 multiplicanturindividua.
1108 2119 1200 2198 Hinc
1215 2147 1292 2192 ma-

162 2235 164 2238 ⁵
186 2246 242 2340 jor
253 2246 367 2317 hocce
382 2253 544 2339 tempore
556 2263 726 2314 numerus
740 2241 1030 2312 individuorum
1017 2265 1054 2308 m
1073 2257 1289 2332 unaquaque

186 2361 327 2456 specie,
349 2383 453 2454 quam
472 2373 547 2428 erat
564 2357 737 2463 primitus

236 2477 271 2546 3⁰
286 2474 322 2546 Si
336 2475 429 2544 banc
451 2457 715 2544 individuorum
735 2451 1085 2570 multiplioationem
1076 2497 1112 2542 m
1125 2497 1291 2576 unaqua-

187 2614 258 2684 que
279 2583 396 2684 specie
414 2571 616 2681 retrograde
633 2611 883 2671 numeremus,
900 2583 1011 2656 modo
1031 2608 1105 2681 quo
1123 2581 1291 2681 multipli-

51 2755 56 2764 ·
157 2795 159 2802 Α
186 2699 399 2800 cavimus(2)
411 2699 798 2798 prorsuss11n1l1,ser1es
813 2701 1292 2798 tandemmumcoparente

166 2820 345 2907 desinet,
367 2834 430 2890 seu‘
457 2841 583 2914 parens
613 2819 672 2890 illo
698 2844 742 2889 ex
760 2817 867 2888 unico
894 2815 1189 2913 hermaphrodito
1215 2815 1288 2905 (uti

187 2935 427 3006 communiter
443 2935 479 3003 in
496 2933 661 3030 plantis),
681 2959 744 3004 seu
766 2959 786 3004 e
804 2933 959 3028 duplici,
979 2957 1075 3002 mare
1093 2934 1228 3028 seilicet
1254 2947 1289 3003 et

181 3049 311 3122 lomina
330 3049 391 3148 (ut
408 3053 444 3119 in
465 3049 673 3120 animalibus
691 3048 915 3146 plerisque),
934 3061 1090 3119 constet.
1119 3134 1122 3140 Ἰ

234 3163 271 3256 4⁰
290 3163 408 3252 Quum
431 3165 538 3234 nullae
555 3163 683 3234 dantur
696 3189 799 3234 novae
816 3157 950 3258 species
972 3161 1024 3258 (ι)
1040 3191 1049 3245 ;
1069 3163 1152 3232 cum
1175 3165 1289 3233 simile

175 3303 327 3373 -semper
343 3277 433 3374 parit
456 3279 509 3348 sui
534 3281 647 3350 simile
662 3278 738 3374 (2);
763 3280 844 3349 clun
864 3271 979 3348 unitas
997 3279 1033 3346 in
1052 3281 1148 3348 omui
1170 3281 1288 3376 specie

185 3387 349 3462 ordinem
365 3391 462 3461 ducit
474 3387 544 3490 (3)
566 3417 709 3463 neeesse
735 3403 807 3476 est,
837 3405 875 3461 ut
895 3394 1067 3462 unitatem
1088 3389 1181 3463 illam
1204 3418 1290 3488 pro·

186 3497 459 3600 generatricem,
483 3509 558 3576 enti
574 3499 715 3578 cuidam
736 3509 978 3638 omnipotenti
991 3521 1026 3578 et
1048 3511 1221 3580 omniscio
1239 3523 1288 3578 at·

185 3617 402 3706 tribuamus,
432 3622 516 3692 Deo
542 3647 698 3720 nempe,
727 3621 839 3716 cujus
853 3648 943 3718 opus
976 3629 1142 3711 creatio,
1172 3623 1283 3694 audit.

186 3733 407 3805 Confirmant
430 3729 507 3804 haec
529 3731 807 3822 mechanismus,
834 3738 949 3842 leges,
976 3739 1167 3832 principia,
1198 3763 1288 3818 con·
1338 3717 1344 3725 Ι

185 3849 385 3920 stitutioues
404 3862 440 3918 et
453 3851 670 3922 sensationes
682 3853 719 3921 in
738 3853 835 3921 omni
848 3852 1030 3924 individuo
1049 3853 1196 3924 vivente.

235 3963 269 4038 5ο
284 3965 469 4036 Indiuidua
488 3967 537 4037 sio
555 3970 760 4062 progenita,
777 3970 811 4036 in
826 3970 937 4064 prima
955 3970 1145 4038 tenerrima
1159 3984 1285 4055 aetate,

185 4081 282 4150 omni
295 4105 444 4178 prorsus
463 4083 587 4153 notitia
605 4097 747 4171 carent,
772 4107 811 4154 ac
839 4086 958 4154 omnia
981 4064 1149 4156 sensuum
1170 4101 1289 4160 exter-

184 4219 314 4265 norum
333 4221 402 4294 ope
426 4195 585 4282 ediscere
605 4214 792 4294 coguntur.
814 4201 909 4272 Ex!
896 4215 1000 4272 tactu
1020 4205 1285 4276 consistentiam

187 4295 411 4404 obiectorum
427 4315 593 4410 primario
607 4313 787 4385 ediscunt·
778 4330 916 4409 3gustu
937 4317 1124 4410 particulas
1141 4313 1286 4400 fluidas3

1174 4462 1183 4503 ι
