3328 5154
724 341 904 513 (ot

236 553 355 611 breuis.
483 544 602 628 Corpus
625 546 773 627 apodunr,
799 560 895 623 teres,
921 573 1066 631 squamo-
1086 553 1187 623 vipera.

524 661 600 702 sum.
896 675 898 682 ‹
1087 642 1190 694 Caecilia.

1085 732 1162 799 Aspis.

1086 820 1231 871 Caudisona.

1085 905 1174 957 Cobras
1184 906 1214 957 de
1223 907 1321 960 Cabelo.

1085 992 1179 1060 Anguis
1200 993 1340 1062 AEsoulapii.

278 1427 489 1490 Anemuroauu
500 1427 622 1490 classem
632 1427 759 1490 ulterius
772 1429 945 1488 continuare
955 1425 1052 1487 noluit
1067 1427 1235 1508 benignitas
1247 1425 1342 1486 Crea-

236 1527 329 1601 toris;
347 1529 475 1600 caepim
500 1528 524 1588 si
548 1536 593 1588 tot
615 1527 775 1610 generibus
795 1539 869 1609 quot
890 1526 1012 1608 reliquus
1035 1527 1208 1589 animalium
1237 1526 1342 1589 classes

237 1622 507 1704 comprehendunt,
524 1623 680 1704 gauderet;
699 1624 746 1684 vel
760 1626 785 1686 si
807 1647 876 1686 vera
898 1636 993 1685 essent
1009 1645 1075 1704 quae
1089 1623 1130 1686 de
1146 1623 1340 1699 draconibus,

236 1719 395 1796 basiliscis,
405 1742 439 1780 ae
449 1719 593 1800 ejusmodi
604 1723 744 1784 monsuis
752 1720 773 1772 cl
783 1725 929 1798 neapolym
944 1721 1127 1798 fabulantur,
1141 1734 1219 1784 certe
1231 1721 1344 1782 burna-
1359 1725 1363 1734 '

238 1843 307 1882 num
321 1841 415 1901 genus
430 1831 540 1882 terram
556 1819 722 1884 inhabitare
737 1823 791 1882 vix
806 1832 909 1902 posset.

698 2058 887 2068 ...u———m

619 2269 962 2360 PARADOXA.

277 2498 386 2562 Hunis
399 2525 522 2584 corpore
536 2506 686 2586 anguino,
701 2501 827 2584 pedibus
841 2500 975 2574 duobus,
991 2499 1076 2560 collis
1089 2487 1218 2581 septem,
1234 2511 1264 2560 et
1274 2499 1347 2560 toti-

236 2595 305 2656 dem
321 2598 478 2679 capitibus,
493 2599 606 2660 alarum
618 2621 740 2682 expers,
753 2610 917 2660 asservatur
927 2598 1108 2680 Hamhurgi,
1119 2597 1345 2658 similitudinem

237 2692 480 2774 reserenshydrae
495 2697 705 2780 apocalyptica
719 2720 736 2758 a
750 2695 784 2760 S.
806 2695 947 2773 Joanne,
969 2719 1034 2777 cap.
1069 2715 1109 2756 ιιι
1136 2707 1167 2756 et
1189 2716 1261 2771 xus,
1283 2697 1347 2782 de-

238 2792 364 2873 scriptae.
381 2791 486 2875 anue
499 2779 642 2876 tauquam
655 2797 717 2856 veri
737 2794 874 2855 animalis
894 2794 1022 2876 speciem
1042 2793 1181 2874 plurimis
1195 2793 1344 2888 praebuit,
1397 2871 1402 2880 Ι

153 2890 155 2895 ’
236 2889 287 2950 sed
298 2891 380 2953 salso.
394 2892 505 2954 Natura
514 2895 571 2954 sibi
580 2915 696 2976 semper
703 2893 806 2956 similis
817 2893 1007 2974 pluracapita
1019 2893 1050 2952 in
1061 2915 1122 2952 uno
1134 2914 1257 2974 corpore
1268 2915 1345 2954 nuu-

236 3011 326 3072 quam
341 2991 483 3074 produxit
495 2994 678 3054 naturaliter.
699 2994 847 3057 Frondem
861 3005 891 3056 et
904 2991 1106 3069 artitificium,
1122 2994 1190 3052 crim
1205 2994 1261 3074 ipsi
1269 2995 1346 3057 vidi-

236 3112 319 3164 mus,
335 3091 731 3171 deutesferino-musteliui,
752 3095 790 3154 ab
809 3092 1032 3176 amphibiorum
1051 3091 1189 3154 dentibus
1212 3091 1322 3154 diversi
1333 3137 1342 3170 ,

238 3187 377 3252 facillimi
392 3191 579 3254 detexerunt.

279 3381 487 3464 Rara-Prscrs,
503 3410 555 3449 sou
569 3389 674 3448 liano.²
691 3387 722 3446 in
730 3388 853 3470 piscem
864 3383 1136 3468 metamorphosis,
1149 3385 1236 3449 valde
1250 3407 1343 3467 para-

238 3481 317 3542 doxa
333 3495 393 3560 est,
410 3506 504 3566 quum
520 3501 623 3553 natura
639 3486 830 3546 mutationem
845 3487 961 3566 generis
972 3487 1062 3546 unius
1076 3487 1107 3546 in
1121 3485 1208 3546 aliam
1219 3485 1342 3549 diversa

238 3580 339 3662 elassis
351 3602 411 3639 non
422 3581 565 3644 admittat.
582 3585 693 3660 Rauae,
710 3595 744 3643 ut
754 3583 907 3665 amphibia
921 3586 1038 3659 omnia,
1053 3583 1248 3665 pulmonibus
1263 3609 1342 3667 gau-

237 3677 309 3737 dent
319 3691 348 3738 et
363 3679 478 3741 ossibus
491 3682 627 3761 spinosis.
643 3682 738 3741 Pisces
754 3683 883 3763 spinosi,
899 3682 965 3742 loeo
979 3681 1170 3762 pulmonum,
1191 3681 1341 3743 branchiis

238 3780 436 3840 instruuntur.
451 3779 530 3862 Ergo
542 3780 600 3864 legi
613 3795 723 3842 naturae
734 3783 880 3841 contraria
898 3781 975 3842 foret
985 3780 1046 3840 haeo
1058 3781 1193 3840 mutatio.
1212 3778 1242 3839 Si
1261 3784 1339 3842 enim

240 3880 325 3960 piscis
340 3879 390 3938 hie
402 3881 562 3940 instructus
576 3893 620 3942 est
632 3879 802 3951 branchiis,
820 3882 876 3940 erit
896 3880 1030 3939 diversus
1052 3900 1070 3936 a
1090 3898 1161 3936 runa
1182 3889 1213 3936 et
1226 3880 1342 3961 amphi-

240 3977 305 4035 biis.
319 3973 349 4035 si
361 3997 430 4036 vero
441 3977 613 4058 pulmones,
625 3979 681 4037 erit
693 3977 817 4037 lacertas
833 4000 900 4038 uam
914 3989 974 4037 toto
990 3975 1065 4036 coelo
1079 3997 1095 4034 a
1108 3975 1343 4058 ''chondroptery-

239 4073 295 4152 giis
308 4086 337 4133 et
348 4074 491 4156 plegiuris
507 4073 618 4134 differt.

278 4272 458 4335 Monoenaos
484 4288 633 4353 veterum,
655 4295 776 4356 corpore
798 4276 923 4356 equino,
950 4273 1072 4356 pedihus
1100 4275 1218 4349 ferinis,
1249 4296 1339 4333 cornu
