3328 5154
412 482 1003 640 onsnnvrnonns
1137 563 1154 622 ,
1237 632 1239 639 1

697 759 733 806 m
908 741 922 770 ¹

253 987 637 1164 ,anonam
696 910 1193 1117 crismon·
1308 1117 1322 1134 ,,

625 1360 811 1384 ψ-

404 1469 422 1499 4

225 1569 254 1626 1⁰
277 1553 564 1650 Primogenitos
583 1563 697 1624 'terras
722 1552 973 1623 tantummodo
989 1555 1138 1647 glaream
1161 1567 1197 1623 et
1217 1578 1273 1624 ar·

171 1672 288 1765 gillam
303 1670 549 1753 nominamus,
570 1651 754 1763 equibus,
770 1667 1030 1738 elementorum
1048 1691 1138 1763 ope,
1156 1682 1269 1738 losum

171 1807 319 1878 regnum
345 1780 525 1876 lapideum
551 1766 791 1852 existimamus
814 1803 890 1850 esse
919 1778 1147 1876 productum.
1180 1777 1271 1850 Hinc

171 1898 301 1992 reliqui
318 1895 452 1994 lapides
475 1895 664 1990 temporis,
686 1919 704 1962 a
726 1895 905 1966 creatione
923 1879 1275 1992 praeterlapsi,'pro-

171 2031 292 2102 gemes
306 2021 399 2078 sunt

185 2129 258 2190 2⁰
275 2118 466 2192 Generalio
492 2121 648 2218 lapidum
669 2123 901 2220 simpliceum
927 2138 963 2193 et
987 2119 1275 2222 aggregatorum

172 2260 237 2331 per
264 2235 521 2332 appositionem
547 2238 798 2332 particularum
826 2251 1008 2310 externam
1037 2239 1095 2323 fir,
1126 2243 1212 2310 etsi
1238 2240 1275 2308 hi
1349 2321 1358 2336 ,

173 2349 349 2447 principio
361 2351 483 2448 aliquo
498 2353 677 2440 minerali,
694 2353 787 2424 forte
809 2356 941 2442 salino,
960 2357 996 2424 in
1013 2355 1166 2432 humore
1183 2379 1277 2450 quo·

174 2465 254 2535 dam
272 2465 409 2551 solato,
437 2467 735 2563 impraegnantur,
758 2474 962 2562 compositi
982 2469 1162 2542 dicuntur.
1185 2469 1277 2544 Hinc

176 2581 355 2674 generatio
371 2580 415 2650 in
428 2582 697 2680 regno‘lapideo
714 2585 810 2653 nulla
830 2607 873 2653 ex
893 2607 959 2654 ovo
975 2612 986 2666 ;
1005 2584 1090 2656 hinc
1104 2585 1202 2654 nulla
1214 2583 1281 2655 hu·

176 2720 318 2768 morum
335 2691 495 2791 per'v'asa
512 2687 713 2783 circulatio,
731 2710 771 2766 ut
783 2698 818 2766 in
836 2699 982 2793 reliquis
994 2712 1128 2768 naturae
1148 2699 1274 2796 regnis.

186 2811 260 2882 -3⁰
283 2814 435 2881 Petram
454 2825 625 2898 omnem
651 2814 706 2881 vix
734 2814 801 2882 ulla
818 2825 1016 2912 excepta,
1008 2817 1154 2884 eterris
1173 2816 1282 2909 origi-

176 2947 258 2995 nem
285 2923 417 2996 ducere
438 2939 537 2996 extra
563 2929 836 2998 controversiam
856 2942 920 2998 est
950 2927 989 2998 E.
1013 2953 1087 3026 gn,
1109 2953 1153 2998 ex
1170 2929 1281 3005 humo

177 3037 360 3133 vegetabili
387 3042 533 3138 palustri
561 3043 745 3124 schistos,
779 3069 798 3112 e
825 3043 941 3138 glarca
968 3067 1050 3130 cos,
1081 3067 1123 3114 ex
1165 3045 1283 3137 argilla

179 3181 366 3228 marmor
507 3169 510 3174 '
940 3175 941 3182 ’

226 3272 263 3360 4⁰
281 3271 385 3344 Petra
409 3275 491 3342 crim
508 3271 639 3344 firerrt
630 3287 858 3376 impraegnata
877 3275 1024 3345 materia
1047 3275 1186 3370 aliqua,
1211 3296 1285 3342 res-

179 3400 286 3484 pectu
310 3387 355 3457 ad
378 3391 576 3486 simplices,
604 3390 809 3489 peregrina,
840 3393 987 3463 minem
1008 3387 1149 3524 dicitur.
1181 3387 1286 3458 Petra

180 3503 234 3572 vel
253 3503 388 3572 minera
408 3507 629 3574 comminuta
652 3519 752 3574 terra
775 3505 997 3589 nominatur,
1025 3462 1107 3572 sod
1118 3525 1190 3572 non
1211 3499 1286 3569 vice
1389 3543 1394 3547 -

180 3641 292 3688 versa.
323 3613 432 3688 Terra
466 3615 572 3688 mixta
600 3619 645 3689 si·
656 3631 861 3690 concrescat
893 3631 1108 3690 concretum
1140 3613 1283 3682 dicitnr.

184 3728 411 3825 Petrificata
435 3732 565 3826 saepius
587 3755 631 3802 ex
652 3731 770 3827 argilla
791 3733 827 3801 in
854 3734 987 3816 calcem
1015 3739 1148 3799 mutata
1169 3727 1290 3796 orion·

185 3859 265 3930 tur,
281 3845 403 3940 paucis
418 3856 539 3915 tamen
552 3848 720 3942 exceptis.

236 3959 419 4050 eraxa,
438 3958 573 4056 lapides
587 3959 862 4056 vulgatissimos,
889 3961 1029 4056 rupium
1050 3971 1087 4027 et
1115 3959 1288 4056 montium

186 4079 443 4173 plerorumque
465 4071 587 4164 baseS,
606 4075 642 4144 in
660 4075 837 4172 principio
860 4099 932 4146 non
953 4085 1072 4145 creata
1099 4073 1205 4142 luisse
1225 4065 1294 4142 do-

186 4207 271 4265 cent
290 4206 406 4290 partos
427 4193 568 4290 illornni
587 4190 866 4276 constituentem
884 4214 951 4262 nec
968 4211 1092 4259 omnes
1108 4190 1144 4256 in
1162 4187 1294 4255 diluvio

188 4319 371 4400 generatos
399 4301 742 4392 fnisse,·conlirmat
767 4301 938 4399 frequens
968 4303 1126 4398 autopsia
1152 4299 1294 4366 illorum
