3328 5154
162 670 348 761 tinguntur
366 673 403 730 et
421 647 622 742 noscuntur
636 669 678 724 ox
701 655 903 726 methodica
930 657 1071 726 illorum
1091 655 1262 730 divisione

163 797 199 854 et
218 777 444 852 convenienti
469 773 760 845 denominatione
771 799 785 876 3
807 771 971 865 adeoque
992 773 1172 850 divisioet
1200 775 1264 844 de·

163 893 362 967 nominatio
379 889 654 968 fundamentum
671 899 802 956 nostrae
816 886 971 954 scientia
984 887 1062 956 erit.
1098 919 1103 930 ·

218 1021 273 1080 11⁰
295 1005 364 1094 Qui
383 1007 419 1074 in
435 1003 582 1077 scientia
602 985 720 1074 nostra
736 1000 945 1070 variationes
963 999 1008 1068 ad
1025 1002 1161 1094 species
1179 1015 1266 1097 p'ro-

146 1099 280 1221 prim,
305 1121 443 1217 species
462 1116 505 1186 ad
525 1131 654 1210 genera
673 1114 862 1199 naturalia,
894 1136 1023 1206 genera
1046 1113 1090 1181 ad
1118 1111 1266 1184 familias

165 1237 296 1326 relerre
315 1234 496 1314 nesciunt,
520 1243 556 1311 et
575 1241 695 1301 tamen
713 1226 869 1297 scientiae
886 1225 991 1320 hujus
1004 1225 1171 1296 doctores
1188 1233 1265 1298 sese

164 1359 344 1452 jactitant,
370 1353 495 1426 fallunt
512 1365 548 1422 et
562 1351 741 1438 lallun'tup.
761 1347 896 1420 Omnes
912 1334 1022 1434 enim,
1040 1350 1103 1444 qui
1127 1364 1269 1420 natura-

165 1477 237 1544 lem
267 1495 346 1540 vere
376 1467 617 1600 condiderunt
646 1468 846 1550 scientiam,
873 1464 949 1534 liaeo
977 1479 1099 1535 tenere
1128 1466 1267 1540 debue-

167 1603 261 1662 runt

222 1728 262 1774 12
266 1702 498 1776 ⁰Naturalista
523 1699 734 1832 (historicus
750 1699 937 1794 naturalis)
966 1699 1088 1799 audit,
1103 1702 1164 1794 qui
1186 1717 1268 1794 par-

160 1835 221 1888 tes
250 1841 441 1911 corporum
474 1787 685 1884 naturalium
709 1817 782 1886 visu
811 1813 861 1912 (5)
889 1814 982 1884 bane
1005 1814 1209 1909 distinguit,
1232 1828 1268 1884 et

54 2023 56 2031 Ι
168 1957 293 2006 omnes
308 1933 383 2016 has,
405 1930 601 2000 secundum
616 1932 741 1998 trinam
756 1927 1011 2017 differentiam,
1029 1943 1125 2000 recte
1139 1929 1270 2000 descrr

166 2047 220 2119 bit
240 2035 486 2140 nominatque.
506 2043 640 2139 Estque
658 2043 735 2112 talis
753 2041 961 2136 lithologus,
982 2041 1197 2137 phytologus
1215 2043 1269 2111 vel

169 2163 347 2256 zoologus.

221 2277 280 2348 13⁰
313 2274 466 2345 Scientia
501 2277 666 2343 naturalis
706 2287 759 2342 est
794 2272 943 2344 divisio
951 2297 989 2342 ac
1025 2273 1270 2344 denominatio

150 2389 334 2486 ¹illa(1o)
370 2409 560 2483 corporum
585 2391 820 2474 naturalium,
850 2387 893 2456 ab
920 2385 1095 2478 ejusmodi
1127 2401 1271 2456 natura-

170 2507 247 2575 lista
260 2504 338 2600 (12)
359 2502 494 2596 jndicio
507 2506 674 2604 instituta.

156 2611 159 2618 ⁴
226 2617 281 2705 14⁰
300 2615 458 2711 Corpora
472 2619 640 2686 naturalia
658 2621 693 2686 in
714 2621 789 2686 tria
809 2631 965 2687 nulurae
980 2641 1098 2712 reguo
1113 2617 1273 2688 dividuu-

171 2746 254 2801 tur:
275 2729 454 2828 lapideum
482 2755 625 2826 nempe,
645 2731 841 2830 vegetabile
869 2745 905 2801 et
932 2733 1092 2802 animale.
1238 2725 1246 2733 ’

227 2845 282 2914 15⁰
305 2839 462 2938 Lapides
491 2858 666 2916 crescunt.
705 2842 946 2942 Vegetubilia
970 2861 1136 2916 crescunt
1161 2861 1197 2917 et
1221 2849 1273 2918 vi·

172 2970 267 3026 vunt.
289 2956 492 3028 Anzfflmalra
512 2972 693 3042 crescunt,
720 2961 842 3028 vivunt
862 2972 898 3028 ct
918 2960 1085 3028 sentiunt.
1110 2958 1202 3030 Hinc
1229 2962 1273 3028 li-

172 3072 276 3140 mites
294 3073 388 3140 inter
401 3069 521 3140 haecce
536 3095 641 3166 regna
655 3074 846 3142 constituta
862 3085 954 3140 sunt.

228 3187 282 3258 16⁰
300 3185 341 3256 In
361 3187 426 3256 hac
446 3187 591 3256 seientia
606 3187 836 3258 describenda
851 3199 886 3255 et
907 3185 1111 3255 illustranda
1131 3189 1273 3281 plurimi

173 3305 270 3372 omni
291 3326 353 3370 sua
375 3310 476 3370 aetate
496 3300 719 3384 laborarunt3
746 3315 919 3396 quantum
945 3325 1029 3371 vero
1047 3299 1188 3393 jamjam
1207 3301 1275 3371 ob-

52 3411 55 3418 ’
172 3429 348 3488 servatum
373 3431 408 3485 et
428 3429 602 3510 quantum
624 3417 739 3487 adhuc
766 3429 892 3500 restat,
923 3418 1082 3486 curiosus
1108 3419 1275 3486 lustrator

173 3533 276 3602 lacile
298 3533 373 3626 ipse
391 3533 555 3601 inveniat.
581 3565 586 3573 ·
637 3589 643 3602 .

228 3644 450 3744 170Exhtbut
469 3646 549 3716 heic
568 3656 798 3742 conspectum
812 3649 974 3741 generale
987 3649 1185 3742 systematis
1205 3672 1277 3717 oor·

174 3787 301 3859 porum
313 3761 545 3846 naturalium,
566 3775 606 3830 ut
623 3763 782 3832 curiosus
797 3763 911 3832 lector
930 3787 998 3857 ope
1025 3761 1153 3831 tabulae
1171 3763 1277 3858 hujus

175 3873 420 3970 geographicae
435 3875 554 3969 quasi,
569 3876 676 3960 sciat,
697 3897 770 3970 quo
788 3876 855 3943 iter
876 3901 979 3945 suum
997 3879 1033 3944 in
1053 3877 1276 3972 amplissimis

175 3989 229 4058 lris
246 3989 362 4082 regnis
379 3986 526 4083 dirigat,
546 3987 664 4082 plures
691 4012 846 4082 namque
865 3987 1122 4083 descriptiones
1144 3989 1276 4060 addere

176 4105 349 4201 spatium,
366 4117 507 4200 tempus
521 4117 557 4173 et
571 4104 709 4174 occasio
722 4103 954 4174 retardarunt.

231 4215 474 4288 18⁰'Methodo
488 4243 596 4307 nova,
617 4220 801 4287 maximam
824 4231 958 4312 partem
978 4221 1128 4314 propriis
1151 4232 1279 4314 autop-

178 4333 254 4402 ticis
275 4328 579 4404 observationibus
607 4333 766 4421 lundata,
791 4336 826 4403 in
851 4334 994 4426 singulis
1017 4334 1174 4430 partibus
1195 4355 1278 4403 usus
