3328 5154
316 598 413 658 recto,
429 585 535 664 longo,
552 580 815 662 spiraliterintorto
825 625 834 656 ,
844 583 991 662 pictorum
1004 579 1176 660 figmentum
1188 592 1241 640 est.
1257 578 1419 641 Monodon

315 681 430 741 Artcdi
439 681 501 757 ejus
516 678 594 738 modi
610 699 702 737 cornu
715 680 802 760 gerit,
818 679 928 738 caeteris
938 699 1007 738 vero
1017 678 1152 758 partibus
1166 678 1294 738 multum
1304 678 1416 739 diflert.

356 881 525 938 Petecsuus
538 889 630 937 rostro
645 875 753 938 vulnus
770 875 906 958 infligens
926 877 1030 936 lemori
1047 899 1116 952 suo,
1132 889 1166 936 ut
1184 890 1338 936 emanante
1352 900 1419 938 san-

313 979 403 1056 guine
416 977 493 1036 sitim
505 974 655 1056 pullorum
670 975 762 1047 levet,
779 973 911 1034 fabulose
925 974 962 1032 ab
977 971 1080 1032 iisdem
1095 973 1234 1033 traditur.
1251 977 1360 1034 Ansam
1373 977 1418 1035 la·

312 1079 389 1136 bulae
403 1075 482 1136 dedit
491 1097 590 1134 saccus
603 1075 658 1136 sub
669 1074 737 1155 gula
749 1073 905 1154 pendulus.

352 1274 483 1332 Sarruus
498 1271 655 1346 caudatus,
668 1271 809 1347 hirsutus,
824 1257 1416 1358 barbatus,humanumrelerenscorpus‚

312 1368 583 1449 gesticulationibus
597 1367 681 1426 ualde
699 1367 835 1444 deditus,
860 1367 1062 1441 salacissimus,
1083 1368 1173 1427 simiae
1188 1370 1298 1448 species
1314 1381 1374 1444 est,
1393 1371 1417 1428 si

312 1487 444 1547 tanquam
469 1465 577 1544 aliquis
597 1467 675 1525 visus
697 1465 763 1524 luit.
782 1463 935 1523 Homines
962 1485 1081 1545 quoque
1102 1463 1234 1522 caudari
1252 1464 1289 1524 de
1308 1465 1417 1545 quibus

311 1566 488 1623 recentiores
498 1563 733 1644 peregrinatores
748 1563 841 1622 multu
854 1573 990 1638 tramant,
1007 1560 1137 1640 ejusdem
1149 1545 1265 1642 generis
1274 1573 1354 1621 sunt.

289 1748 293 1758 ¹
352 1760 514 1820 Bonotterz
529 1777 582 1818 ssu
598 1759 701 1818 bouus
711 1758 887 1834 Scurutcus,
903 1759 1012 1839 plantis
1031 1768 1202 1818 accensetur
1213 1770 1243 1816 et
1257 1779 1333 1839 agno
1347 1759 1418 1819 assi-

310 1863 447 1931 milatur3
462 1861 510 1918 cui
523 1859 616 1918 caulis
627 1858 748 1917 alterius
761 1859 869 1938 plantae
883 1879 899 1916 e
913 1868 990 1916 terra
1006 1877 1163 1939 erumpens
1178 1856 1357 1918 umbilicum
1370 1859 1417 1916 in·

308 1971 383 2036 trat5
415 1961 550 2038 idemque
571 1957 715 2038 sangnine
730 1955 884 2036 praeditus,
901 1977 917 2014 a
932 1954 1000 2014 ieris
1014 1954 1150 2016 devorari
1166 1966 1275 2013 temere
1294 1953 1413 2014 dieitur.

309 2060 362 2119 Est
381 2070 479 2118 autem
493 2057 647 2115 artificiose
663 2077 700 2115 ex
720 2054 869 2114 radicibus
890 2054 1008 2113 {ilicinis
1030 2054 1202 2113 americanis
1225 2053 1414 2132 compositus·

309 2159 491 2220 Naturaliter
511 2169 609 2216 autem
636 2167 679 2215 est
702 2155 833 2232 embryo
855 2154 922 2213 ovis
946 2152 1106 2233 allegorice
1142 2151 1332 2232 descriptus,
1362 2151 1415 2233 qui

310 2258 408 2316 oruuia
423 2256 488 2315 data
504 2254 591 2312 habet
605 2253 755 2312 attributa.

350 2444 496 2517 Paosmx,
512 2443 573 2501 avis
591 2443 721 2522 species,
743 2444 828 2522 cujus
843 2443 965 2500 unicum
987 2445 1019 2502 iu
1034 2442 1145 2503 mundo
1163 2443 1370 2521 individuum,
1387 2458 1417 2505 et

310 2561 375 2622 quse
395 2539 541 2621 dccrepita
553 2561 589 2598 ex
606 2540 687 2598 l'erali
705 2541 810 2616 busto,
829 2541 910 2622 quod
928 2543 984 2602 sibi
1004 2563 1040 2602 ex
1057 2544 1236 2605 aromatibus
1250 2555 1414 2622 struxerat,

309 2659 514 2721 repuerascere
528 2638 661 2699 fabulose
684 2641 786 2715 iertnr,
810 2640 924 2700 felicem
944 2642 1079 2702 subitura
1102 2645 1211 2724 prioris
1232 2647 1299 2704 vitae
1319 2649 1417 2728 perio·

309 2737 461 2797 dunt-Est
473 2738 661 2798 vero-Pisas
677 2739 893 2800 Dscrrnrrsrm.
908 2741 977 2802 vid.
992 2743 1120 2825 Kemps.

339 2935 497 2993 ‘Benurcnt
510 2951 563 2994 seu
577 2938 675 2994 busca
687 2935 822 2996 Scorrcus
833 2949 862 2996 et
871 2937 989 2998 concha
998 2941 1154 3022 enulfi-ra
1166 2961 1181 3000 e
1194 2941 1416 3025 lignisputridis

309 3035 341 3090 in
356 3053 436 3092 mere
452 3032 571 3112 abjectis
592 3037 672 3092 nasci
694 3055 711 3092 a
732 3036 880 3096 veteribus
903 3040 1044 3101 creditur.
1067 3041 1124 3102 Sed
1153 3042 1253 3102 lucum
1275 3047 1415 3126 imposuit

309 3133 414 3214 Lepas
432 3133 592 3193 interaneis
615 3136 676 3194 suis
693 3137 946 3215 penniiormibus,
971 3153 1000 3199 et
1017 3141 1103 3202 modo
1121 3141 1307 3221 adhaerendi,
1330 3147 1413 3228 quasi

310 3253 396 3291 verus
413 3229 464 3289 ille
478 3253 562 3290 anser
578 3232 722 3292 Berrrt'cla
734 3233 803 3294 inde
814 3237 952 3298 oriretur.
1238 3249 1241 3256 ’

350 3427 451 3486 Daaco
465 3447 587 3507 corpore
605 3430 753 3508 anguino,
771 3430 887 3492 duobus
908 3431 1048 3512 pedibus,
1065 3434 1179 3495 duabus
1193 3437 1266 3514 alis,
1285 3437 1414 3520 Vesper·

308 3527 420 3586 alionis
437 3528 543 3598 instar,
561 3539 603 3585 cst
619 3527 753 3588 Lacerta
772 3530 876 3606 alata,
899 3531 945 3590 vcl
964 3535 1050 3614 Raja
1066 3556 1118 3614 per
1139 3547 1231 3594 artem
1253 3547 1414 3598 monstrose

310 3631 393 3697 fictu,
406 3639 436 3688 ct
446 3628 560 3689 siccata.

348 3809 474 3884 buroam
493 3843 600 3884 uourts
621 3824 766 3906 horologii
785 3827 898 3884 minimi
925 3830 1054 3888 sonitum
1073 3829 1162 3890 edens
1182 3833 1213 3892 in
1232 3833 1410 3913 parietibus,

308 3931 351 3983 cst
365 3922 532 3983 Pediculus
543 3923 736 4005 pulsatorius
755 3925 867 4004 dictus,
889 3929 941 4008 qrri
954 3927 1037 4009 'ligna
1060 3932 1190 4013 perforat
1207 3955 1300 4014 eaque
1322 3933 1415 3992 inba-

309 4023 396 4082 hitat.
