<?xml version="1.0" encoding="UTF-8"?>
<!DOCTYPE html PUBLIC "-//W3C//DTD XHTML 1.0 Transitional//EN"
    "http://www.w3.org/TR/xhtml1/DTD/xhtml1-transitional.dtd">
<html xmlns="http://www.w3.org/1999/xhtml" xml:lang="en" lang="en">
 <head>
  <title>
</title>
<meta http-equiv="Content-Type" content="text/html;charset=utf-8" />
  <meta name='ocr-system' content='tesseract 3.04.00' />
  <meta name='ocr-capabilities' content='ocr_page ocr_carea ocr_par ocr_line ocrx_word'/>
</head>
<body>
  <div class='ocr_page' id='page_1' title='image "./carolilinnisuec00fegoog_0021.png"; bbox 0 0 3328 5154; ppageno 0'>
   <div class='ocr_carea' id='block_1_1' title="bbox 313 458 1490 4244">
    <p class='ocr_par' dir='ltr' id='par_1_1' title="bbox 361 458 1468 1148">
     <span class='ocr_line' id='line_1_1' title="bbox 864 458 962 554; baseline -0.061 0"><span class='ocrx_word' id='word_1_1' title='bbox 864 458 962 554; x_wconf 77' lang='lat'>(6)</span> 
     </span>
     <span class='ocr_line' id='line_1_2' title="bbox 361 592 1464 694; baseline -0.005 -24"><span class='ocrx_word' id='word_1_2' title='bbox 361 619 651 693; x_wconf 68' lang='lat' dir='ltr'>saxorumque</span> <span class='ocrx_word' id='word_1_3' title='bbox 683 593 797 664; x_wconf 89' lang='lat' dir='ltr'>indies</span> <span class='ocrx_word' id='word_1_4' title='bbox 814 592 1072 689; x_wconf 88' lang='lat' dir='ltr'>producuntur.</span> <span class='ocrx_word' id='word_1_5' title='bbox 1106 593 1141 664; x_wconf 88' lang='lat' dir='ltr'>st</span> <span class='ocrx_word' id='word_1_6' title='bbox 1168 596 1262 663; x_wconf 88' lang='lat' dir='ltr'>enirn</span> <span class='ocrx_word' id='word_1_7' title='bbox 1283 597 1464 694; x_wconf 70' lang='lat' dir='ltr'>particulae</span> 
     </span>
     <span class='ocr_line' id='line_1_3' title="bbox 362 691 1465 816; baseline -0.002 -35"><span class='ocrx_word' id='word_1_8' title='bbox 362 725 485 816; x_wconf 78' lang='lat' dir='ltr'>eorum</span> <span class='ocrx_word' id='word_1_9' title='bbox 512 691 752 780; x_wconf 55' lang='lat' dir='ltr'>constitutive</span> <span class='ocrx_word' id='word_1_10' title='bbox 778 704 891 801; x_wconf 90' lang='lat' dir='ltr'>probe</span> <span class='ocrx_word' id='word_1_11' title='bbox 919 707 1190 793; x_wconf 74' lang='lat' dir='ltr'>examinentur,</span> <span class='ocrx_word' id='word_1_12' title='bbox 1228 732 1344 778; x_wconf 86' lang='lat' dir='ltr'>arenae</span> <span class='ocrx_word' id='word_1_13' title='bbox 1379 734 1465 806; x_wconf 91' lang='lat' dir='ltr'>pro-</span> 
     </span>
     <span class='ocr_line' id='line_1_4' title="bbox 362 788 1466 944; baseline 0 -52"><span class='ocrx_word' id='word_1_14' title='bbox 362 788 552 920; x_wconf 73' lang='lat' dir='ltr'>prietates,</span> <span class='ocrx_word' id='word_1_15' title='bbox 575 823 622 891; x_wconf 92' lang='lat' dir='ltr'>in</span> <span class='ocrx_word' id='word_1_16' title='bbox 660 821 746 890; x_wconf 91' lang='lat' dir='ltr'>locis</span> <span class='ocrx_word' id='word_1_17' title='bbox 737 817 1026 944; x_wconf 35' lang='lat' dir='ltr'>&#39;argacentibus</span> <span class='ocrx_word' id='word_1_18' title='bbox 1059 821 1112 890; x_wconf 89' lang='lat' dir='ltr'>vel</span> <span class='ocrx_word' id='word_1_19' title='bbox 1144 819 1313 913; x_wconf 86' lang='lat' dir='ltr'>subjectis</span> <span class='ocrx_word' id='word_1_20' title='bbox 1352 821 1466 892; x_wconf 85' lang='lat' dir='ltr'>obviae</span> 
     </span>
     <span class='ocr_line' id='line_1_5' title="bbox 364 948 572 1026; baseline -0.01 -20"><span class='ocrx_word' id='word_1_21' title='bbox 364 948 572 1026; x_wconf 75' lang='lat' dir='ltr'>monstrant.</span> 
     </span>
     <span class='ocr_line' id='line_1_6' title="bbox 414 1035 1468 1148; baseline 0.002 -26"><span class='ocrx_word' id='word_1_22' title='bbox 414 1047 450 1122; x_wconf 88' lang='grc' dir='ltr'>Ι6ο</span> <span class='ocrx_word' id='word_1_23' title='bbox 472 1047 701 1148; x_wconf 79' lang='lat' dir='ltr'>Quartcum,</span> <span class='ocrx_word' id='word_1_24' title='bbox 726 1035 836 1144; x_wconf 86' lang='lat' dir='ltr'>equo</span> <span class='ocrx_word' id='word_1_25' title='bbox 856 1049 1029 1146; x_wconf 79' lang='lat' dir='ltr'>originem</span> <span class='ocrx_word' id='word_1_26' title='bbox 1053 1048 1214 1139; x_wconf 85' lang='lat' dir='ltr'>duxerit,</span> <span class='ocrx_word' id='word_1_27' title='bbox 1234 1053 1385 1123; x_wconf 82' lang='lat' dir='ltr'>maxime</span> <span class='ocrx_word' id='word_1_28' title='bbox 1398 1051 1468 1124; x_wconf 94' lang='lat' dir='ltr'>du-</span> 
     </span>
    </p>

    <p class='ocr_par' dir='ltr' id='par_1_2' title="bbox 313 1145 1472 2294">
     <span class='ocr_line' id='line_1_7' title="bbox 313 1145 1469 1265; baseline 0.003 -31"><span class='ocrx_word' id='word_1_29' title='bbox 313 1145 320 1159; x_wconf 60' lang='grc'>’</span> <span class='ocrx_word' id='word_1_30' title='bbox 365 1166 525 1236; x_wconf 87' lang='lat' dir='ltr'>bitarunt</span> <span class='ocrx_word' id='word_1_31' title='bbox 548 1165 764 1258; x_wconf 86' lang='lat' dir='ltr'>mineralogi.</span> <span class='ocrx_word' id='word_1_32' title='bbox 794 1162 885 1233; x_wconf 90' lang='lat' dir='ltr'>Hinc</span> <span class='ocrx_word' id='word_1_33' title='bbox 912 1187 1072 1235; x_wconf 87' lang='lat' dir='ltr'>summus</span> <span class='ocrx_word' id='word_1_34' title='bbox 1093 1168 1330 1265; x_wconf 85' lang='lat' dir='ltr'>mineralogus</span> <span class='ocrx_word' id='word_1_35' title='bbox 1354 1171 1469 1240; x_wconf 88' lang='lat' dir='ltr'>excel-</span> 
     </span>
     <span class='ocr_line' id='line_1_8' title="bbox 366 1275 1469 1378; baseline 0.002 -31"><span class='ocrx_word' id='word_1_36' title='bbox 366 1279 581 1349; x_wconf 90' lang='lat' dir='ltr'>lentissimus</span> <span class='ocrx_word' id='word_1_37' title='bbox 603 1275 794 1347; x_wconf 70' lang='lat' dir='ltr'>Henelrel:</span> <span class='ocrx_word' id='word_1_38' title='bbox 828 1275 865 1348; x_wconf 91' lang='grc' dir='ltr'><em>Ο</em></span> <span class='ocrx_word' id='word_1_39' title='bbox 887 1276 1020 1348; x_wconf 76' lang='lat' dir='ltr'>silex!</span> <span class='ocrx_word' id='word_1_40' title='bbox 1038 1275 1167 1349; x_wconf 75' lang='lat' dir='ltr'>silex!</span> <span class='ocrx_word' id='word_1_41' title='bbox 1183 1285 1271 1377; x_wconf 82' lang='lat' dir='ltr'>quis</span> <span class='ocrx_word' id='word_1_42' title='bbox 1296 1294 1331 1352; x_wconf 85' lang='lat' dir='ltr'>te</span> <span class='ocrx_word' id='word_1_43' title='bbox 1359 1303 1469 1378; x_wconf 84' lang='lat' dir='ltr'>gerre-</span> 
     </span>
     <span class='ocr_line' id='line_1_9' title="bbox 367 1393 1468 1526; baseline -0.002 -62"><span class='ocrx_word' id='word_1_44' title='bbox 367 1396 492 1467; x_wconf 79' lang='lat' dir='ltr'>ravit?</span> <span class='ocrx_word' id='word_1_45' title='bbox 518 1393 634 1466; x_wconf 88' lang='lat' dir='ltr'>Omne</span> <span class='ocrx_word' id='word_1_46' title='bbox 655 1406 841 1526; x_wconf 81' lang='lat' dir='ltr'>quartzum</span> <span class='ocrx_word' id='word_1_47' title='bbox 861 1417 936 1462; x_wconf 89' lang='lat' dir='ltr'>esse</span> <span class='ocrx_word' id='word_1_48' title='bbox 962 1406 1098 1488; x_wconf 89' lang='lat' dir='ltr'>petram</span> <span class='ocrx_word' id='word_1_49' title='bbox 1124 1395 1341 1489; x_wconf 85' lang='lat' dir='ltr'>parasiticam</span> <span class='ocrx_word' id='word_1_50' title='bbox 1362 1395 1468 1468; x_wconf 90' lang='lat' dir='ltr'>docet</span> 
     </span>
     <span class='ocr_line' id='line_1_10' title="bbox 369 1509 1470 1610; baseline -0.005 -27"><span class='ocrx_word' id='word_1_51' title='bbox 369 1513 543 1610; x_wconf 81' lang='lat' dir='ltr'>autopsia3</span> <span class='ocrx_word' id='word_1_52' title='bbox 567 1522 754 1604; x_wconf 88' lang='lat' dir='ltr'>generatur</span> <span class='ocrx_word' id='word_1_53' title='bbox 772 1510 867 1578; x_wconf 89' lang='lat' dir='ltr'>enim</span> <span class='ocrx_word' id='word_1_54' title='bbox 889 1510 925 1582; x_wconf 86' lang='lat' dir='ltr'>in</span> <span class='ocrx_word' id='word_1_55' title='bbox 946 1533 1039 1582; x_wconf 85' lang='lat' dir='ltr'>cavo</span> <span class='ocrx_word' id='word_1_56' title='bbox 1053 1509 1206 1582; x_wconf 78' lang='lat' dir='ltr'>,aliorum</span> <span class='ocrx_word' id='word_1_57' title='bbox 1232 1509 1412 1606; x_wconf 86' lang='lat' dir='ltr'>lapidum,</span> <span class='ocrx_word' id='word_1_58' title='bbox 1433 1523 1470 1579; x_wconf 88' lang='lat' dir='ltr'>et</span> 
     </span>
     <span class='ocr_line' id='line_1_11' title="bbox 368 1622 1472 1721; baseline -0.001 -24"><span class='ocrx_word' id='word_1_59' title='bbox 368 1627 453 1697; x_wconf 90' lang='lat' dir='ltr'>inde</span> <span class='ocrx_word' id='word_1_60' title='bbox 476 1626 658 1696; x_wconf 86' lang='lat' dir='ltr'>exerescit.</span> <span class='ocrx_word' id='word_1_61' title='bbox 688 1625 739 1696; x_wconf 85' lang='lat' dir='ltr'>Ex</span> <span class='ocrx_word' id='word_1_62' title='bbox 756 1649 850 1718; x_wconf 89' lang='lat' dir='ltr'>aqua</span> <span class='ocrx_word' id='word_1_63' title='bbox 869 1625 991 1718; x_wconf 79' lang='lat' dir='ltr'>itaque</span> <span class='ocrx_word' id='word_1_64' title='bbox 1018 1626 1054 1694; x_wconf 89' lang='lat' dir='ltr'>in</span> <span class='ocrx_word' id='word_1_65' title='bbox 1080 1622 1213 1702; x_wconf 84' lang='lat' dir='ltr'>fissuris</span> <span class='ocrx_word' id='word_1_66' title='bbox 1235 1625 1391 1721; x_wconf 85' lang='lat' dir='ltr'>lapidum</span> <span class='ocrx_word' id='word_1_67' title='bbox 1418 1650 1472 1696; x_wconf 87' lang='lat' dir='ltr'>re·</span> 
     </span>
     <span class='ocr_line' id='line_1_12' title="bbox 369 1715 1470 1840; baseline 0.002 -28"><span class='ocrx_word' id='word_1_68' title='bbox 369 1756 487 1828; x_wconf 89' lang='lat' dir='ltr'>tenta,</span> <span class='ocrx_word' id='word_1_69' title='bbox 510 1715 789 1840; x_wconf 69' lang='lat' dir='ltr'>exhalationibus</span> <span class='ocrx_word' id='word_1_70' title='bbox 811 1737 984 1834; x_wconf 87' lang='lat' dir='ltr'>lapideis</span> <span class='ocrx_word' id='word_1_71' title='bbox 975 1754 1222 1838; x_wconf 79' lang='lat' dir='ltr'>tmpraegnata,</span> <span class='ocrx_word' id='word_1_72' title='bbox 1248 1741 1341 1812; x_wconf 85' lang='lat' dir='ltr'>sorte</span> <span class='ocrx_word' id='word_1_73' title='bbox 1365 1745 1470 1828; x_wconf 84' lang='lat' dir='ltr'>etiam</span> 
     </span>
     <span class='ocr_line' id='line_1_13' title="bbox 370 1822 1469 1953; baseline -0.003 -23"><span class='ocrx_word' id='word_1_74' title='bbox 370 1859 413 1930; x_wconf 91' lang='lat' dir='ltr'>ab</span> <span class='ocrx_word' id='word_1_75' title='bbox 428 1881 508 1928; x_wconf 89' lang='lat' dir='ltr'>aere</span> <span class='ocrx_word' id='word_1_76' title='bbox 527 1822 698 1948; x_wconf 76' lang='lat' dir='ltr'>adjuta,</span> <span class='ocrx_word' id='word_1_77' title='bbox 689 1881 724 1944; x_wconf 90' lang='grc'>33</span> <span class='ocrx_word' id='word_1_78' title='bbox 741 1852 927 1952; x_wconf 85' lang='lat' dir='ltr'>superficie</span> <span class='ocrx_word' id='word_1_79' title='bbox 955 1855 1081 1952; x_wconf 87' lang='lat' dir='ltr'>lapidis</span> <span class='ocrx_word' id='word_1_80' title='bbox 1105 1880 1309 1930; x_wconf 81' lang='lat' dir='ltr'>excrescere</span> <span class='ocrx_word' id='word_1_81' title='bbox 1326 1859 1469 1953; x_wconf 75' lang='lat' dir='ltr'>incipit,</span> 
     </span>
     <span class='ocr_line' id='line_1_14' title="bbox 371 1967 1472 2064; baseline 0.001 -23"><span class='ocrx_word' id='word_1_82' title='bbox 371 1985 406 2042; x_wconf 89' lang='lat' dir='ltr'>et</span> <span class='ocrx_word' id='word_1_83' title='bbox 430 1971 603 2040; x_wconf 89' lang='lat' dir='ltr'>continuo</span> <span class='ocrx_word' id='word_1_84' title='bbox 633 1982 791 2064; x_wconf 88' lang='lat' dir='ltr'>augetur.</span> <span class='ocrx_word' id='word_1_85' title='bbox 823 1967 875 2038; x_wconf 88' lang='lat' dir='ltr'>Ita</span> <span class='ocrx_word' id='word_1_86' title='bbox 903 1970 1061 2061; x_wconf 85' lang='lat' dir='ltr'>generari</span> <span class='ocrx_word' id='word_1_87' title='bbox 1088 1982 1265 2064; x_wconf 85' lang='lat' dir='ltr'>putamus.</span> <span class='ocrx_word' id='word_1_88' title='bbox 1292 1969 1334 2041; x_wconf 90' lang='grc'>13</span> <span class='ocrx_word' id='word_1_89' title='bbox 1361 1968 1472 2042; x_wconf 83' lang='lat' dir='ltr'>fluido</span> 
     </span>
     <span class='ocr_line' id='line_1_15' title="bbox 372 2081 1472 2180; baseline -0.001 -27"><span class='ocrx_word' id='word_1_90' title='bbox 372 2108 488 2180; x_wconf 89' lang='lat' dir='ltr'>aqueo</span> <span class='ocrx_word' id='word_1_91' title='bbox 515 2085 664 2177; x_wconf 86' lang='lat' dir='ltr'>primam</span> <span class='ocrx_word' id='word_1_92' title='bbox 691 2095 867 2178; x_wconf 84' lang='lat' dir='ltr'>peractam</span> <span class='ocrx_word' id='word_1_93' title='bbox 904 2081 1011 2152; x_wconf 77' lang='lat' dir='ltr'>fuisse</span> <span class='ocrx_word' id='word_1_94' title='bbox 1043 2086 1308 2178; x_wconf 79' lang='lat' dir='ltr'>generationem</span> <span class='ocrx_word' id='word_1_95' title='bbox 1335 2083 1472 2162; x_wconf 67' lang='lat' dir='ltr'>udocent</span> 
     </span>
     <span class='ocr_line' id='line_1_16' title="bbox 374 2195 1084 2294; baseline 0.003 -25"><span class='ocrx_word' id='word_1_96' title='bbox 374 2196 584 2293; x_wconf 83' lang='lat' dir='ltr'>vegetabilia</span> <span class='ocrx_word' id='word_1_97' title='bbox 597 2199 724 2294; x_wconf 84' lang='lat' dir='ltr'>saepius</span> <span class='ocrx_word' id='word_1_98' title='bbox 745 2197 878 2268; x_wconf 86' lang='lat' dir='ltr'>inclusa</span> <span class='ocrx_word' id='word_1_99' title='bbox 891 2195 1084 2280; x_wconf 84' lang='lat' dir='ltr'>observata.</span> 
     </span>
    </p>

    <p class='ocr_par' dir='ltr' id='par_1_3' title="bbox 333 2307 1477 2954">
     <span class='ocr_line' id='line_1_17' title="bbox 421 2307 1472 2410; baseline 0.004 -31"><span class='ocrx_word' id='word_1_100' title='bbox 421 2321 457 2406; x_wconf 83' lang='lat'>7⁰</span> <span class='ocrx_word' id='word_1_101' title='bbox 473 2307 515 2380; x_wconf 89' lang='grc' dir='ltr'><em>Ν</em></span> <span class='ocrx_word' id='word_1_102' title='bbox 517 2315 630 2380; x_wconf 74' lang='lat' dir='ltr'>[trum</span> <span class='ocrx_word' id='word_1_103' title='bbox 651 2311 802 2406; x_wconf 76' lang='lat' dir='ltr'>qztart&#39;zr&#39;</span> <span class='ocrx_word' id='word_1_104' title='bbox 818 2325 1008 2396; x_wconf 80' lang='lat' dir='ltr'>nostrum,</span> <span class='ocrx_word' id='word_1_105' title='bbox 1033 2337 1095 2384; x_wconf 88' lang='grc'>333</span> <span class='ocrx_word' id='word_1_106' title='bbox 1111 2315 1334 2407; x_wconf 76' lang='lat' dir='ltr'>crystallum,</span> <span class='ocrx_word' id='word_1_107' title='bbox 1351 2328 1472 2410; x_wconf 85' lang='lat' dir='ltr'>quart-</span> 
     </span>
     <span class='ocr_line' id='line_1_18' title="bbox 375 2425 1475 2524; baseline -0.001 -27"><span class='ocrx_word' id='word_1_108' title='bbox 375 2451 456 2498; x_wconf 86' lang='lat' dir='ltr'>rum</span> <span class='ocrx_word' id='word_1_109' title='bbox 478 2450 555 2497; x_wconf 89' lang='grc'>3333</span> <span class='ocrx_word' id='word_1_110' title='bbox 576 2425 709 2496; x_wconf 87' lang='lat' dir='ltr'>docent</span> <span class='ocrx_word' id='word_1_111' title='bbox 725 2428 959 2524; x_wconf 86' lang='lat' dir='ltr'>proprietates</span> <span class='ocrx_word' id='word_1_112' title='bbox 976 2450 1102 2512; x_wconf 75' lang='grc'>333333</span> <span class='ocrx_word' id='word_1_113' title='bbox 1114 2481 1124 2511; x_wconf 90' lang='grc'>,</span> <span class='ocrx_word' id='word_1_114' title='bbox 1138 2443 1289 2524; x_wconf 71' lang='lat' dir='ltr'>¹excepta</span> <span class='ocrx_word' id='word_1_115' title='bbox 1299 2429 1428 2499; x_wconf 89' lang='lat' dir='ltr'>duritie</span> <span class='ocrx_word' id='word_1_116' title='bbox 1439 2443 1475 2499; x_wconf 85' lang='lat' dir='ltr'>et</span> 
     </span>
     <span class='ocr_line' id='line_1_19' title="bbox 373 2537 1474 2644; baseline 0.001 -34"><span class='ocrx_word' id='word_1_117' title='bbox 373 2539 504 2644; x_wconf 76' lang='lat' dir='ltr'>figura3</span> <span class='ocrx_word' id='word_1_118' title='bbox 519 2537 668 2636; x_wconf 87' lang='lat' dir='ltr'>liguram</span> <span class='ocrx_word' id='word_1_119' title='bbox 682 2540 822 2612; x_wconf 87' lang='lat' dir='ltr'>obtinet</span> <span class='ocrx_word' id='word_1_120' title='bbox 837 2543 1060 2636; x_wconf 74' lang='lat' dir='ltr'>ipsissimam,</span> <span class='ocrx_word' id='word_1_121' title='bbox 1074 2542 1361 2637; x_wconf 70' lang='lat' dir='ltr'>verissimamque</span> <span class='ocrx_word' id='word_1_122' title='bbox 1370 2543 1474 2622; x_wconf 87' lang='lat' dir='ltr'>nitri;</span> 
     </span>
     <span class='ocr_line' id='line_1_20' title="bbox 333 2651 1475 2750; baseline -0.002 -24"><span class='ocrx_word' id='word_1_123' title='bbox 333 2671 336 2676; x_wconf 81' lang='grc'>’</span> <span class='ocrx_word' id='word_1_124' title='bbox 375 2653 704 2750; x_wconf 88' lang='lat' dir='ltr'>sinedubioitaque</span> <span class='ocrx_word' id='word_1_125' title='bbox 715 2655 809 2724; x_wconf 88' lang='lat' dir='ltr'>nitro</span> <span class='ocrx_word' id='word_1_126' title='bbox 820 2651 1475 2750; x_wconf 82' lang='lat' dir='ltr'>aquoeprimordialilapidumadmisto</span> 
     </span>
     <span class='ocr_line' id='line_1_21' title="bbox 376 2764 1477 2857; baseline 0.002 -22"><span class='ocrx_word' id='word_1_127' title='bbox 376 2764 611 2836; x_wconf 89' lang='lat' dir='ltr'>adscribenda</span> <span class='ocrx_word' id='word_1_128' title='bbox 629 2769 691 2849; x_wconf 89' lang='lat' dir='ltr'>sit;</span> <span class='ocrx_word' id='word_1_129' title='bbox 708 2765 884 2836; x_wconf 78' lang='lat' dir='ltr'>duritiem</span> <span class='ocrx_word' id='word_1_130' title='bbox 899 2770 1005 2857; x_wconf 78' lang='lat' dir='ltr'>etiam</span> <span class='ocrx_word' id='word_1_131' title='bbox 1019 2791 1116 2852; x_wconf 86' lang='lat' dir='ltr'>suam</span> <span class='ocrx_word' id='word_1_132' title='bbox 1133 2792 1150 2836; x_wconf 90' lang='grc'>3</span> <span class='ocrx_word' id='word_1_133' title='bbox 1165 2768 1235 2838; x_wconf 85' lang='grc'>3313</span> <span class='ocrx_word' id='word_1_134' title='bbox 1253 2767 1366 2838; x_wconf 86' lang='grc'>133333</span> <span class='ocrx_word' id='word_1_135' title='bbox 1385 2767 1477 2838; x_wconf 88' lang='lat' dir='ltr'>obti-</span> 
     </span>
     <span class='ocr_line' id='line_1_22' title="bbox 377 2878 879 2954; baseline 0 -2"><span class='ocrx_word' id='word_1_136' title='bbox 377 2883 495 2952; x_wconf 89' lang='lat' dir='ltr'>nuisse</span> <span class='ocrx_word' id='word_1_137' title='bbox 515 2878 714 2952; x_wconf 86' lang='lat' dir='ltr'>verosimile</span> <span class='ocrx_word' id='word_1_138' title='bbox 730 2881 879 2954; x_wconf 88' lang='lat' dir='ltr'>videtur.</span> 
     </span>
    </p>

    <p class='ocr_par' dir='ltr' id='par_1_4' title="bbox 376 2987 1477 3438">
     <span class='ocr_line' id='line_1_23' title="bbox 429 2992 1477 3093; baseline 0 -27"><span class='ocrx_word' id='word_1_139' title='bbox 429 2992 660 3084; x_wconf 58' lang='lat' dir='ltr'>lleemmce</span> <span class='ocrx_word' id='word_1_140' title='bbox 674 2995 795 3090; x_wconf 88' lang='lat' dir='ltr'>itaque</span> <span class='ocrx_word' id='word_1_141' title='bbox 807 2999 971 3092; x_wconf 77' lang='lat' dir='ltr'>pretiosae</span> <span class='ocrx_word' id='word_1_142' title='bbox 988 2994 1188 3093; x_wconf 79' lang='lat' dir='ltr'>pellucidae,</span> <span class='ocrx_word' id='word_1_143' title='bbox 1204 3021 1223 3064; x_wconf 89' lang='lat' dir='ltr'>a</span> <span class='ocrx_word' id='word_1_144' title='bbox 1237 2998 1330 3066; x_wconf 91' lang='lat' dir='ltr'>nitro</span> <span class='ocrx_word' id='word_1_145' title='bbox 1342 2998 1477 3090; x_wconf 85' lang='lat' dir='ltr'>quartzi</span> 
     </span>
     <span class='ocr_line' id='line_1_24' title="bbox 376 3112 1477 3206; baseline -0.006 -20"><span class='ocrx_word' id='word_1_146' title='bbox 376 3138 449 3186; x_wconf 92' lang='lat' dir='ltr'>non</span> <span class='ocrx_word' id='word_1_147' title='bbox 469 3125 509 3181; x_wconf 89' lang='lat' dir='ltr'>ut</span> <span class='ocrx_word' id='word_1_148' title='bbox 525 3136 616 3180; x_wconf 86' lang='lat' dir='ltr'>verae</span> <span class='ocrx_word' id='word_1_149' title='bbox 634 3112 789 3206; x_wconf 87' lang='lat' dir='ltr'>species,</span> <span class='ocrx_word' id='word_1_150' title='bbox 810 3113 874 3182; x_wconf 91' lang='lat' dir='ltr'>sed</span> <span class='ocrx_word' id='word_1_151' title='bbox 893 3126 932 3181; x_wconf 93' lang='lat' dir='ltr'>ut</span> <span class='ocrx_word' id='word_1_152' title='bbox 955 3113 1181 3195; x_wconf 87' lang='lat' dir='ltr'>variationes,</span> <span class='ocrx_word' id='word_1_153' title='bbox 1200 3112 1321 3202; x_wconf 77' lang='lat' dir='ltr'>colore</span> <span class='ocrx_word' id='word_1_154' title='bbox 1341 3123 1477 3180; x_wconf 89' lang='lat' dir='ltr'>tantum</span> 
     </span>
     <span class='ocr_line' id='line_1_25' title="bbox 376 3225 1477 3326; baseline -0.003 -28"><span class='ocrx_word' id='word_1_155' title='bbox 376 3227 553 3298; x_wconf 82' lang='lat' dir='ltr'>distinctae</span> <span class='ocrx_word' id='word_1_156' title='bbox 576 3225 758 3322; x_wconf 67' lang='lat' dir='ltr'>differunt.</span> <span class='ocrx_word' id='word_1_157' title='bbox 786 3226 878 3326; x_wconf 75' lang='lat' dir='ltr'>Hine</span> <span class='ocrx_word' id='word_1_158' title='bbox 898 3231 1005 3301; x_wconf 85' lang='lat' dir='ltr'>vanus</span> <span class='ocrx_word' id='word_1_159' title='bbox 1027 3229 1090 3323; x_wconf 87' lang='lat' dir='ltr'>qui</span> <span class='ocrx_word' id='word_1_160' title='bbox 1114 3227 1177 3297; x_wconf 89' lang='lat' dir='ltr'>bas</span> <span class='ocrx_word' id='word_1_161' title='bbox 1200 3229 1287 3296; x_wconf 89' lang='lat' dir='ltr'>tanti</span> <span class='ocrx_word' id='word_1_162' title='bbox 1310 3230 1477 3308; x_wconf 82' lang='lat' dir='ltr'>aestimat3</span> 
     </span>
     <span class='ocr_line' id='line_1_26' title="bbox 379 3341 1007 3438; baseline 0 -24"><span class='ocrx_word' id='word_1_163' title='bbox 379 3345 507 3416; x_wconf 90' lang='lat' dir='ltr'>stultus</span> <span class='ocrx_word' id='word_1_164' title='bbox 524 3344 586 3438; x_wconf 89' lang='lat' dir='ltr'>qui</span> <span class='ocrx_word' id='word_1_165' title='bbox 603 3345 639 3412; x_wconf 89' lang='lat' dir='ltr'>in</span> <span class='ocrx_word' id='word_1_166' title='bbox 657 3343 835 3420; x_wconf 86' lang='lat' dir='ltr'>medicina</span> <span class='ocrx_word' id='word_1_167' title='bbox 851 3341 1007 3438; x_wconf 65' lang='lat' dir='ltr'>exhibet.</span> 
     </span>
    </p>

    <p class='ocr_par' dir='ltr' id='par_1_5' title="bbox 378 3455 1480 3788">
     <span class='ocr_line' id='line_1_27' title="bbox 382 3455 1480 3554; baseline -0.004 -25.825"><span class='ocrx_word' id='word_1_168' title='bbox 382 3471 463 3554; x_wconf 88' lang='lat'>9⁰</span> <span class='ocrx_word' id='word_1_169' title='bbox 480 3462 632 3528; x_wconf 70' lang='lat' dir='ltr'>Hirmas</span> <span class='ocrx_word' id='word_1_170' title='bbox 655 3461 770 3528; x_wconf 88' lang='lat' dir='ltr'>omnis</span> <span class='ocrx_word' id='word_1_171' title='bbox 796 3485 814 3527; x_wconf 93' lang='lat' dir='ltr'>e</span> <span class='ocrx_word' id='word_1_172' title='bbox 839 3455 1026 3554; x_wconf 84' lang='lat' dir='ltr'>vegetabili</span> <span class='ocrx_word' id='word_1_173' title='bbox 1050 3458 1104 3526; x_wconf 91' lang='lat' dir='ltr'>vel</span> <span class='ocrx_word' id='word_1_174' title='bbox 1132 3458 1272 3528; x_wconf 80' lang='lat' dir='ltr'>animali</span> <span class='ocrx_word' id='word_1_175' title='bbox 1297 3455 1480 3526; x_wconf 81' lang='lat' dir='ltr'>destructo</span> 
     </span>
     <span class='ocr_line' id='line_1_28' title="bbox 378 3573 1478 3682; baseline -0.005 -34"><span class='ocrx_word' id='word_1_176' title='bbox 378 3580 502 3661; x_wconf 83' lang='lat' dir='ltr'>oritur.</span> <span class='ocrx_word' id='word_1_177' title='bbox 526 3575 617 3678; x_wconf 79' lang='lat' dir='ltr'>Hine</span> <span class='ocrx_word' id='word_1_178' title='bbox 646 3577 806 3682; x_wconf 88' lang='lat' dir='ltr'>quotidie</span> <span class='ocrx_word' id='word_1_179' title='bbox 829 3591 993 3670; x_wconf 85' lang='lat' dir='ltr'>augetur,</span> <span class='ocrx_word' id='word_1_180' title='bbox 1022 3573 1085 3646; x_wconf 90' lang='lat' dir='ltr'>sed</span> <span class='ocrx_word' id='word_1_181' title='bbox 1108 3577 1211 3671; x_wconf 90' lang='lat' dir='ltr'>longa</span> <span class='ocrx_word' id='word_1_182' title='bbox 1238 3576 1295 3672; x_wconf 87' lang='lat' dir='ltr'>die</span> <span class='ocrx_word' id='word_1_183' title='bbox 1315 3577 1425 3656; x_wconf 85' lang='lat' dir='ltr'>etiam</span> <span class='ocrx_word' id='word_1_184' title='bbox 1444 3576 1478 3651; x_wconf 87' lang='lat' dir='ltr'>in</span> 
     </span>
     <span class='ocr_line' id='line_1_29' title="bbox 379 3694 824 3788; baseline -0.005 -26"><span class='ocrx_word' id='word_1_185' title='bbox 379 3694 536 3788; x_wconf 78' lang='lat' dir='ltr'>speciem</span> <span class='ocrx_word' id='word_1_186' title='bbox 558 3717 673 3762; x_wconf 60' lang='lat' dir='ltr'>arenae</span> <span class='ocrx_word' id='word_1_187' title='bbox 691 3694 824 3762; x_wconf 86' lang='lat' dir='ltr'>transit.</span> 
     </span>
    </p>

    <p class='ocr_par' dir='ltr' id='par_1_6' title="bbox 379 3777 1489 4244">
     <span class='ocr_line' id='line_1_30' title="bbox 436 3777 1480 3888; baseline -0.006 -10"><span class='ocrx_word' id='word_1_188' title='bbox 436 3819 489 3878; x_wconf 73' lang='grc' dir='ltr'>ιοο</span> <span class='ocrx_word' id='word_1_189' title='bbox 518 3807 563 3878; x_wconf 93' lang='lat' dir='ltr'><em>V</em></span> <span class='ocrx_word' id='word_1_190' title='bbox 560 3807 742 3881; x_wconf 76' lang='lat' dir='ltr'>itriola</span> <span class='ocrx_word' id='word_1_191' title='bbox 707 3834 790 3879; x_wconf 87' lang='lat' dir='ltr'>curn</span> <span class='ocrx_word' id='word_1_192' title='bbox 809 3809 882 3878; x_wconf 91' lang='lat' dir='ltr'>duo</span> <span class='ocrx_word' id='word_1_193' title='bbox 897 3821 1034 3880; x_wconf 85' lang='lat' dir='ltr'>tantum</span> <span class='ocrx_word' id='word_1_194' title='bbox 1049 3810 1219 3880; x_wconf 87' lang='lat' dir='ltr'>naturalia</span> <span class='ocrx_word' id='word_1_195' title='bbox 1232 3777 1480 3888; x_wconf 74' lang='lat' dir='ltr'>observamus</span> 
     </span>
     <span class='ocr_line' id='line_1_31' title="bbox 379 3919 1481 4068; baseline -0.006 -76"><span class='ocrx_word' id='word_1_196' title='bbox 379 3923 464 3992; x_wconf 88' lang='lat' dir='ltr'>bine</span> <span class='ocrx_word' id='word_1_197' title='bbox 485 3923 648 4068; x_wconf 58' lang='lat' dir='ltr'>puplices</span> <span class='ocrx_word' id='word_1_198' title='bbox 679 3935 815 3992; x_wconf 87' lang='lat' dir='ltr'>tantum</span> <span class='ocrx_word' id='word_1_199' title='bbox 848 3924 1046 4040; x_wconf 71' lang='grc'>3333133333</span> <span class='ocrx_word' id='word_1_200' title='bbox 1077 3919 1227 4003; x_wconf 81' lang='lat' dir='ltr'>totidem</span> <span class='ocrx_word' id='word_1_201' title='bbox 1255 3939 1481 3992; x_wconf 74' lang='lat' dir='ltr'>recensemus</span> 
     </span>
     <span class='ocr_line' id='line_1_32' title="bbox 380 3999 1490 4132; baseline -0.005 -27"><span class='ocrx_word' id='word_1_202' title='bbox 380 3999 559 4120; x_wconf 78' lang='grc'>3313333,1</span> <span class='ocrx_word' id='word_1_203' title='bbox 556 4060 707 4132; x_wconf 91' lang='lat' dir='ltr'>quarum</span> <span class='ocrx_word' id='word_1_204' title='bbox 726 4049 913 4130; x_wconf 88' lang='lat' dir='ltr'>generator</span> <span class='ocrx_word' id='word_1_205' title='bbox 935 4050 987 4122; x_wconf 81' lang='lat' dir='ltr'>est</span> <span class='ocrx_word' id='word_1_206' title='bbox 1011 4036 1212 4120; x_wconf 80' lang='lat' dir='ltr'>vitriolnm,</span> <span class='ocrx_word' id='word_1_207' title='bbox 1236 4033 1427 4118; x_wconf 74' lang='lat' dir='ltr'>verumin</span> <span class='ocrx_word' id='word_1_208' title='bbox 1427 4030 1490 4110; x_wconf 74' lang='lat' dir='ltr'>his,</span> 
     </span>
     <span class='ocr_line' id='line_1_33' title="bbox 381 4151 1201 4244; baseline -0.007 -16"><span class='ocrx_word' id='word_1_209' title='bbox 381 4153 561 4228; x_wconf 81' lang='lat' dir='ltr'>contrario</span> <span class='ocrx_word' id='word_1_210' title='bbox 578 4151 698 4223; x_wconf 88' lang='lat' dir='ltr'>modo</span> <span class='ocrx_word' id='word_1_211' title='bbox 872 4191 877 4204; x_wconf 93' lang='lat'><strong>·</strong></span> <span class='ocrx_word' id='word_1_212' title='bbox 1023 4211 1056 4244; x_wconf 67' lang='grc'>,,</span> <span class='ocrx_word' id='word_1_213' title='bbox 1112 4164 1125 4214; x_wconf 83' lang='lat' dir='ltr'>t</span> <span class='ocrx_word' id='word_1_214' title='bbox 1197 4191 1201 4200; x_wconf 96' lang='lat'><em>·</em></span> 
     </span>
    </p>
   </div>
   <div class='ocr_carea' id='block_1_2' title="bbox 421 4229 1483 4395">
    <p class='ocr_par' dir='ltr' id='par_1_7' title="bbox 421 4229 1483 4395">
     <span class='ocr_line' id='line_1_34' title="bbox 421 4229 1483 4395; baseline -0.015 -49"><span class='ocrx_word' id='word_1_215' title='bbox 421 4279 472 4346; x_wconf 70' lang='lat'>0&#39;11</span> <span class='ocrx_word' id='word_1_216' title='bbox 479 4249 727 4395; x_wconf 59' lang='lat' dir='ltr'>‘’ssetrr‘ficatn</span> <span class='ocrx_word' id='word_1_217' title='bbox 752 4229 907 4366; x_wconf 69' lang='lat' dir='ltr'>plupiupi</span> <span class='ocrx_word' id='word_1_218' title='bbox 935 4281 1143 4362; x_wconf 69' lang='lat' dir='ltr'>auctorum</span> <span class='ocrx_word' id='word_1_219' title='bbox 1135 4249 1381 4354; x_wconf 79' lang='lat' dir='ltr'>recentiorum</span> <span class='ocrx_word' id='word_1_220' title='bbox 1415 4244 1483 4331; x_wconf 80' lang='lat' dir='ltr'>&#39;de-</span> 
     </span>
    </p>
   </div>
   <div class='ocr_carea' id='block_1_3' title="bbox 0 0 1696 5154">
    <p class='ocr_par' dir='ltr' id='par_1_8' title="bbox 0 0 1696 5154">
     <span class='ocr_line' id='line_1_35' title="bbox 0 0 1696 5154; baseline 0 0"><span class='ocrx_word' id='word_1_221' title='bbox 0 0 1696 5154; x_wconf 95' lang='lat' dir='ltr'> </span> 
     </span>
    </p>
   </div>
  </div>
 </body>
</html>
