3328 5154
711 460 724 553 <
751 456 794 555 57
823 459 836 553 l
1169 565 1174 578 ,

271 615 305 684 9.
333 590 406 661 Ova
429 593 664 686 plurimorum
690 593 908 664 insectorum
926 593 1053 687 triplici
1075 594 1319 687 integumento

222 706 474 788 obducuntnr;
494 703 709 776 abscedente
727 708 974 800 integumento
988 708 1104 801 primo
1124 708 1320 802 appellatur

221 848 342 910 eruca,
359 822 519 892 secundo
533 821 707 918 propolis,
727 834 763 890 ct
777 822 883 890 tertio
897 820 1040 890 tandem
1056 822 1221 892 absectum
1237 846 1320 917 per·

222 935 367 1006 fectum.
387 935 480 1007 Hinc
495 937 533 1004 in
552 933 727 1028 ejusmodi
745 936 818 1004 ovis
833 933 961 1028 triplex
975 935 1129 1004 exclusio
1144 934 1242 1030 pulli.

278 1074 330 1122 ιο.
355 1052 397 1122 ln
418 1049 506 1120 tubo
523 1051 714 1119 intestinali
733 1047 919 1118 hominum
945 1059 1014 1118 tres
1035 1051 1170 1145 species
1187 1048 1322 1116 anima-

222 1167 307 1234 lium
323 1177 538 1250 0ccurrunt‚
562 1163 728 1235 lumbrici
746 1157 895 1260 nempe,
923 1162 1116 1250 ascarides,
1140 1175 1177 1235 ct
1192 1163 1315 1232 taeniae.

223 1277 330 1366 Quod
348 1278 533 1349 lumbricus
551 1281 801 1350 intestinorum
820 1303 891 1348 una
908 1279 1108 1376 eademque
1125 1281 1169 1350 sit
1185 1280 1320 1376 species

222 1418 304 1462 cum
331 1391 507 1462 lumbrico
535 1395 694 1462 terrestri
727 1393 984 1486 vulgatissim0‚
1018 1405 1187 1464 monstrat
1211 1389 1321 1486 figura

222 1509 381 1576 omniurn
402 1510 565 1602 partium.
591 1505 699 1595 Quod
714 1508 890 1579 ascendes
906 1509 1014 1586 iidem
1037 1511 1106 1579 sint
1125 1533 1207 1578 cum
1226 1509 1322 1577 lum-

222 1621 326 1689 bricis
342 1621 409 1689 illis
426 1622 690 1708 minutissimis,
718 1624 754 1691 iu
775 1623 860 1692 locis
880 1622 1094 1719 palustribus
1108 1623 1243 1720 ubique
1256 1621 1322 1693 ob-

222 1738 306 1822 viis,
324 1760 367 1804 ex
386 1739 545 1829 autopsia
559 1738 748 1806 clarissime
763 1750 871 1832 patet.
900 1739 1021 1808 Toeur'u
1035 1737 1105 1809 huc
1124 1762 1238 1832 usque
1255 1762 1321 1834 pro

223 1850 341 1942 specie
360 1850 542 1943 parasitica
559 1848 678 1918 habita
693 1863 765 1934 est,
794 1874 906 1943 quum
922 1852 958 1918 in
973 1849 1198 1935 hominibus,
1224 1849 1323 1918 cani-

222 1960 316 2042 bus,
348 1959 531 2057 piscibus,
564 1974 651 2046 etc,
682 1960 968 2056 frequentissime
1002 1963 1152 2032 solitaria
1183 1973 1322 2056 reperta

222 2076 351 2162 luerit,
370 2090 406 2146 et
420 2078 610 2146 maximum
626 2079 808 2170 negotium
824 2077 890 2146 illis
905 2075 1077 2162 lacescat,
1097 2078 1159 2169 qui
1175 2078 1211 2144 in
1225 2073 1322 2144 inda-

226 2187 588 2283 ganda'generatione
611 2191 813 2260 animalium
834 2183 1041 2282 dilige-ntem
1071 2212 1214 2283 operam
1238 2211 1324 2258 con-

223 2306 394 2374 tulerunt.
418 2305 492 2400 Ego
517 2327 600 2376 vero
625 2308 664 2373 ln
686 2307 812 2375 itinere
842 2303 1323 2385 Rheuterholmiano-Dale-

221 2419 374 2504 karlico,
407 2421 629 2520 ann01734,
661 2422 873 2490 constitutus
900 2421 937 2487 in
967 2419 1153 2513 praesentia
1186 2430 1322 2513 septem

223 2537 400 2606 sociorum
421 2559 582 2606 meorum
606 2535 697 2605 hanc
716 2537 809 2604 inter
829 2533 974 2604 ochram
1001 2533 1215 2603 acidularem
1234 2531 1324 2604 Joer-

223 2672 370 2720 nensem
387 2649 523 2735 inveni,
541 2647 641 2742 quod
659 2649 810 2720 maxime
830 2649 976 2724 miratus
990 2671 1067 2717 sum
1077 2699 1088 2732 ,
1106 2671 1215 2740 quum
1231 2669 1322 2740 aqua

225 2761 391 2832 acidulari
407 2759 582 2852 ejusmodi
596 2763 901 2858 taeniasexpellere
912 2763 1053 2857 plurimi
1066 2775 1213 2835 tentant.
1230 2761 1320 2832 Hinc

223 2879 387 2972 sequitur
398 2899 535 2947 vermes
545 2902 617 2947 non
629 2879 713 2947 oriri
722 2903 765 2947 ex
775 2879 847 2948 ovis
859 2879 1089 2963 insectorum,
1107 2901 1319 2962 muscarum,

224 3003 260 3060 et
277 2973 443 3059 similium
464 2988 585 3084 (quod
604 2993 632 3060 si
653 2989 774 3078 fieret,
797 3015 981 3086 nunquam
1000 2991 1226 3085 multiplicari
1243 3013 1321 3085 pos-

224 3119 304 3174 sent
334 3108 425 3174 intra
457 3104 584 3176 tubum
617 3108 871 3196 intestinalem,
901 3119 936 3176 et
969 3103 1166 3176 secundum
1197 3104 1323 3199 gradus

224 3221 529 3316 metamorphoses
556 3197 760 3315 perirenti;
786 3221 849 3290 sed
875 3245 918 3290 ex
940 3223 1013 3302 ovis
1036 3222 1207 3290 vermium
1228 3244 1320 3315 prae-

225 3338 423 3419 dictorum,
451 3362 520 3407 una
542 3361 622 3407 cum
641 3359 732 3432 aqua
750 3332 911 3403 bibendo
928 3335 1082 3417 haustis3
1102 3333 1198 3403 unde
1223 3347 1320 3428 patet

225 3450 482 3524 medicamenta
503 3451 644 3521 insectis
667 3448 807 3518 adversa
826 3469 897 3516 non
914 3470 980 3544 per
997 3469 1222 3545 consequens
1241 3469 1322 3516 ver-

227 3589 300 3634 mes
315 3587 451 3633 necare.
