3328 5154
366 521 395 564 Π

365 621 623 722 typographia,
640 647 750 721 quam
777 627 917 722 integra
948 629 1116 726 repetitio
1143 629 1267 725 primae
1292 629 1463 702 editionis

250 789 252 794 -
363 743 570 832 Systcrnatis
584 745 756 829 Naturae,
773 739 943 838 Lugduni
955 745 1188 829 Batavorum,
1207 740 1311 840 1735.

413 859 554 928 Interea
570 855 672 954 quod
686 879 744 928 me
758 855 905 955 impulit
916 856 1173 956 exponendum
1185 881 1328 949 censeo,
1340 871 1465 958 quam,

364 974 418 1041 vis
434 967 479 1047 ad
494 975 641 1068 privata
654 974 733 1040 vitae
747 968 899 1050 affectus
915 969 1134 1046 descendere
1152 994 1297 1043 necesse
1311 976 1367 1044 sita
1386 977 1463 1044 Hoc

366 1100 486 1158 tamen
510 1090 692 1156 monitum
718 1082 818 1174 volo,
837 1110 884 1158 ne
903 1091 985 1183 quis
1001 1083 1175 1158 doctrina
1193 1090 1314 1184 specie
1330 1087 1461 1186 deeep-

366 1218 441 1291 tus,
458 1201 554 1274 hanc
565 1217 723 1299 partem
743 1226 763 1272 a
785 1225 896 1296 priori
913 1204 1065 1272 omnino
1087 1201 1258 1287 alienam,
1280 1202 1385 1299 legat.

398 1393 1462 1490 Hurcprrmumedrtroormterpretatronemgallicamprngeremens

364 1515 453 1582 erat,
473 1503 559 1592 quod
580 1501 710 1592 quidem
725 1525 791 1568 non
811 1503 853 1568 ita
874 1500 952 1568 mihi
970 1497 1138 1565 videbatur
1158 1497 1392 1574 necessarium,
1407 1498 1464 1562 sed
1529 1498 1532 1509 '
1611 1480 1614 1489 ¹

364 1602 487 1676 Pronus
498 1607 963 1694 filrusmeuseamsusceperat
977 1617 1009 1671 et
1021 1603 1298 1700 mielnpaterlroe
1307 1628 1462 1696 praecocrs

364 1717 482 1807 ingenii
494 1715 626 1810 pignore
642 1715 831 1806 gaudebam
847 1713 932 1779 Proh
950 1709 1062 1778 dolorl
1076 1709 1282 1779 inexorabilia
1301 1710 1363 1776 lata
1377 1711 1463 1778 hanc

364 1819 467 1886 levem
484 1818 698 1911 irreparabilis
721 1817 828 1888 damni
850 1817 1145 1908 compensationem
1169 1815 1347 1890 abstulere3
1375 1801 1465 1882 llunc

364 1924 490 2014 perdidi
505 1925 676 1991 amabilem
692 1923 794 1998 filium
805 1935 939 2013 paterno
956 1945 1065 1989 amore
1080 1933 1247 2012 tantopere
1265 1921 1417 2011 dignum,
1432 1931 1465 1984 et

248 2055 252 2062 ⁴
364 2051 429 2118 quo
439 2029 511 2117 jure
526 2028 694 2119 gloriabar.
707 2031 809 2096 Unam
820 2029 913 2098 liceat
926 2021 1066 2096 scribere
1078 2029 1246 2119 paginam!
1263 2025 1358 2094 liceat
1373 2025 1464 2116 pueri

365 2133 530 2203 celebrare
540 2136 730 2202 memoriam
743 2138 751 2200 l
765 2135 833 2203 llos
843 2147 890 2200 eat
901 2133 1075 2208 desideria,
1090 2132 1173 2198 forte
1191 2131 1295 2198 verbis
1313 2131 1347 2195 in
1362 2129 1467 2217 majus.

365 2237 447 2306 elata
460 2287 470 2322 ,
482 2240 629 2310 tribuere
642 2239 750 2308 multis
760 2239 945 2308 bominibus
953 2239 1013 2361 ’qui
1026 2249 1157 2310 tantum
1172 2236 1206 2302 in
1222 2236 1292 2302 vitae
1304 2231 1468 2303 curriculo

365 2367 501 2414 munere
519 2369 577 2414 suo
589 2346 692 2422 suncti
709 2359 800 2424 suntr
824 2347 902 2438 quid
917 2346 1038 2431 mirum
1054 2357 1080 2412 ιί
1071 2343 1219 2434 placcat
1234 2343 1347 2432 pueri,
1366 2363 1467 2432 quum

364 2461 415 2519 sul
412 2474 577 2543 magnam
587 2453 842 2555 expectationem
856 2452 1004 2524 omnibus
1018 2462 1249 2559 commoveret,
1261 2448 1409 2538 praerepti
1420 2469 1468 2516 ca-

367 2581 440 2628 sum
457 2556 592 2628 dolere?

410 2664 469 2729 Die
490 2664 615 2732 decimo
648 2668 764 2732 mensis
790 2665 931 2756 quintilis
959 2668 1087 2730 Lutetia
1110 2675 1221 2743 natus,
1248 2685 1332 2730 anno
1359 2663 1463 2748 1819,

368 2767 538 2836 defunctus
552 2773 755 2849 Insalaram,
773 2773 869 2838 die'
840 2773 991 2840 vicesimo
1008 2785 1096 2838 sexto
1118 2772 1244 2864 augusti
1257 2791 1341 2836 anno
1359 2770 1461 2854 1829,

370 2871 827 2966 Αιιιοιιιιι-ῌΑιιιιιε-Ειιιιιιι
859 2879 967 2946 Fla
958 2879 1085 2968 ingenio
1117 2892 1149 2943 et
1181 2875 1288 2943 indole
1317 2875 1468 2966 praeditus

369 2993 458 3060 eret,
476 3003 546 3068 quae
563 2982 760 3050 hauddubie
777 2985 859 3050 viros
869 2983 1039 3073 praeclsros
1049 2983 1275 3073 praenuntiant.

382 3127 384 3134 ι
415 3089 488 3152 Jam
507 3085 621 3154 litteris
633 3112 764 3178 operam
783 3089 934 3166 dederat,
961 3101 992 3154 et
1005 3087 1106 3154 tribus
1119 3085 1236 3154 scholis
1250 3087 1282 3151 in
1297 3084 1403 3174 lingua
1423 3083 1470 3149 lav·
1500 3115 1503 3122 ·

371 3193 437 3260 tina
450 3193 584 3283 clapsis,
602 3200 783 3263 sermonem
798 3195 938 3286 graecum
956 3207 1021 3262 tam
1033 3193 1144 3261 sedulo
1161 3193 1326 3268 discebat,
1342 3204 1375 3258 ot
1389 3191 1469 3258 mira

371 3299 544 3388 sagacitate
568 3303 740 3369 verborum
764 3303 901 3393 origines
922 3303 1012 3368 brevi
1028 3301 1202 3372 inveniret;
1230 3311 1336 3366 mente
1348 3320 1423 3365 acer
1439 3310 1472 3362 et

342 3490 345 3507 s
372 3407 494 3495 vigens,
508 3419 657 3494 prompte
667 3407 874 3501 intelligebat;
887 3421 932 3485 et,
943 3421 977 3472 ut
987 3407 1170 3493 exemplum
1182 3403 1330 3480 referam,
1340 3401 1470 3469 exfacto

374 3515 527 3578 Historia
539 3535 705 3600 puerorum
720 3517 981 3580 celeberrimorum
1001 3514 1192 3602 deprompto
1207 3505 1337 3578 brevem
1350 3532 1472 3578 comoe-

280 3651 283 3663 ·
374 3621 460 3700 diam
482 3634 727 3712 composuerat,
753 3624 861 3710 inqua
877 3645 1006 3690 sensum
1021 3621 1061 3686 ad
1081 3643 1187 3688 mores
1205 3617 1398 3686 excolendos
1414 3635 1472 3704 ap-

375 3737 461 3816 tum,
478 3748 660 3796 sermonem
669 3727 873 3818 expeditum,
886 3729 1047 3808 actionem
1060 3737 1108 3792 sat
1121 3727 1204 3792 benc
1217 3725 1348 3792 ductam
1359 3745 1472 3811 agnos·
1532 3742 1536 3748 ’

376 3857 477 3920 peres.
494 3836 601 3916 Quam
615 3860 715 3926 quum
730 3837 898 3913 recitaret,
915 3835 1007 3902 variis
1023 3832 1149 3900 dicendi
1165 3831 1333 3920 generibus
1349 3827 1473 3904 varium

377 3963 464 4012 vocis
475 3963 590 4008 sonum
601 3954 675 4032 apte
687 3940 1106 4010 admoventemaudrvrsses

423 4045 520 4126 Quod
539 4048 580 4114 ad
599 4050 746 4147 scientias
761 4051 894 4124 attinet,
913 4049 953 4114 de
970 4046 1030 4112 illis
1051 4068 1189 4136 quorum
1212 4044 1313 4134 prima
1331 4041 1472 4130 cognitio

378 4178 444 4236 non
460 4177 533 4220 raro
557 4157 663 4245 pueris
680 4155 880 4224 liberaliter
873 4155 1024 4222 institutis
1049 4154 1155 4226 datur,
1177 4150 1318 4216 breviter
1339 4145 1470 4236 loquar;

379 4261 434 4328 sed
444 4259 496 4328 ille
506 4263 639 4330 eximius
654 4265 719 4353 jam
730 4275 861 4330 noverat
871 4261 991 4352 plures,
1002 4283 1080 4352 quas
1094 4255 1186 4346 vulgo
1200 4268 1266 4320 tam
1281 4265 1388 4319 tenera
1398 4261 1477 4320 etas

379 4367 514 4460 ignorat.
539 4369 593 4443 Sic
619 4373 737 4442 ossium
761 4369 965 4460 descriptioni
984 4369 1128 4437 animum
1149 4361 1359 4454 applicuerat.
1387 4359 1473 4446 Phy-
