3344 5158
758 450 762 456 ’
860 440 985 539 (36)

372 577 498 646 matice
520 575 703 661 desumto,
726 574 842 647 adhue
865 587 1066 646 constructa
1087 587 1159 660 est,
1184 596 1265 670 quar
1279 581 1352 646 non
1368 580 1473 648 maxi-

373 711 464 756 mam
479 686 629 781 praebuit
649 689 855 771 utilitatem
869 711 944 758 nec
967 691 1091 758 nocuit
1112 683 1183 757 ulla
1201 711 1380 784 unquam,
1401 693 1472 760 'nisi

373 813 548 895 quatenus
570 824 613 868 ex
639 803 797 870 assumtis
815 804 995 898 principiis
1010 827 1138 896 genera
1158 805 1326 884 naturalia
1351 805 1473 874 contra

373 925 530 982 naturum
550 914 768 1002 dilaceravit,
798 917 898 1010 quod
922 941 987 986 nos
1006 914 1158 986 scientes
1178 919 1378 990 volentesve
1400 945 1473 990 non

373 1031 624 1100 commisimus.

427 1144 479 1232 14.
511 1143 632 1214 Genus
647 1169 753 1216 omne
772 1159 826 1216 est
843 1147 1027 1232 naturaie,
1045 1149 1082 1215 in
1101 1151 1178 1242 ipso
1195 1149 1391 1243 primordio
1406 1149 1473 1220 taie

371 1269 531 1328 creatum
558 1282 568 1326 a
596 1258 680 1328 hinc
708 1283 774 1353 pro
799 1257 914 1328 lubitu
941 1273 978 1328 et
997 1260 1194 1330 secundum
1216 1261 1474 1358 cujuscumque

303 1379 309 1392 '
371 1374 545 1444 theoriam
566 1398 638 1444 non
657 1373 820 1470 proterve
839 1371 1141 1461 discendendum,
1159 1378 1212 1446 rel
1231 1365 1475 1470 conglutinan-

372 1487 460 1558 dum
478 1501 541 1558 est.

427 1599 478 1670 15.
511 1599 662 1669 Nomina
683 1603 845 1694 generice
861 1603 950 1670 mele
969 1614 1190 1686 constructa,
1214 1625 1369 1698 quaeque
1386 1613 1476 1678 cc'n'-

372 1715 548 1784 fusionem
564 1717 718 1809 pariunt,
734 1718 938 1811 synonymis
949 1729 1108 1786 veterum
1123 1716 1327 1788 melioribus
1344 1705 1476 1812 (pennis

372 1829 471 1898 novis
486 1851 572 1898 ame
585 1827 771 1924 consectis)
787 1831 958 1924 insignivi.
972 1828 1083 1900 Multa
1101 1841 1219 1900 tamen
1232 1829 1350 1900 adhuc
1359 1831 1475 1900 minus

372 1965 529 2036 congrua
547 1955 690 2018 restant.

429 2058 482 2128 16.
509 2058 1356 2154 Nominumreceptissimorunrpermutationem,
1371 2059 1477 2128 maxi·

373 2198 466 2244 ruem
483 2185 607 2270 parere
622 2171 882 2259 difficultatem,
902 2176 1098 2244 exercitatis
1112 2174 1173 2243 diu
1186 2176 1224 2243 in
1239 2187 1311 2244 arte
1325 2175 1423 2259 viris,
1439 2175 1475 2241 in

374 2287 537 2356 confesso
549 2299 620 2373 est,
636 2285 722 2358 hino
738 2310 812 2357 non
824 2290 952 2356 mutari
968 2287 1160 2373 deberent,
1177 2289 1205 2357 si
1219 2286 1409 2356 multitudo
1425 2307 1478 2356 er·

374 2404 529 2473 rentium
548 2403 659 2472 errori
676 2414 816 2496 pareret
834 2403 1082 2497 patrocinium.
1099 2401 1226 2496 Neque
1247 2413 1372 2470 auctor
1381 2417 1474 2484 sum,

375 2529 415 2588 ut
432 2517 648 2588 adurentem
667 2541 803 2602 meam,
819 2518 977 2586 seniores
988 2514 1144 2586 botanici
1161 2525 1300 2584 mutent
1316 2507 1471 2582 nomine.

374 2633 500 2708 Veniat
514 2615 662 2702 tandem
684 2656 781 2702 seros
801 2631 896 2717 dies,
920 2655 993 2726 quo
1018 2653 1107 2698 nova
1126 2643 1161 2698 et
1187 2629 1315 2697 nostris
1333 2648 1477 2695 accum-

374 2747 445 2818 rior
468 2749 573 2840 gode,
601 2769 667 2840 per
692 2744 855 2815 ordinem
885 2744 1115 2814 successionis
1142 2753 1303 2824 aetatum,
1333 2749 1474 2833 surgat,

378 2882 486 2956 quam
518 2859 681 2952 spondeo
710 2883 824 2942 meam
855 2858 1156 2930 consideratorem
1181 2856 1257 2925 scre
1277 2854 1476 2937 theoriam,

378 2975 597 3069 nominaque
633 2974 690 3042 illa
728 2976 854 3072 saepius
890 2972 1059 3059 absurda,
1100 2969 1277 3066 praecipue
1313 2963 1476 3064 specifica

379 3101 577 3186 expungat,
605 3089 649 3158 de
674 3088 804 3183 quibus
826 3091 861 3156 in
882 3085 1156 3177 *surzdnmenris
1178 3087 1266 3155 meis
1293 3075 1477 3153 dotatricis

279 3279 282 3284 ,
378 3202 631 3276 Amstelodami
646 3226 760 3298 nuper
779 3201 883 3271 editis
899 3205 1001 3298 plura
1019 3201 1101 3270 dixi.

431 3343 484 3415 17.
515 3317 726 3388 Methodum
749 3342 863 3386 meam
891 3315 1131 3386 difficultatem
1157 3337 1282 3410 parere
1309 3312 1475 3393 nimiam,

378 3436 533 3504 hariolor
552 3432 736 3504 botanicos
758 3432 828 3526 jam
852 3433 992 3517 dicere,
1021 3431 1065 3500 ad
1083 3428 1331 3500 erraminandas
1349 3448 1477 3520 nempe

378 3560 495 3644 partes
519 3545 581 3614 has
606 3535 764 3617 minimas
786 3543 900 3628 floris,
925 3547 981 3614 vix
998 3544 1102 3636 nudis
1122 3543 1235 3613 oculis
1256 3543 1473 3636 conspicuas.

376 3655 586 3753 despondeo
619 3685 630 3724 .·
664 3657 763 3753 quod
798 3661 825 3728 si
865 3660 1163 3752 microscopium,
1204 3660 1479 3726 instrumentum

379 3775 528 3844 maxime
545 3775 793 3860 necessarium,
807 3774 921 3869 quivis
934 3777 1222 3873 curiosqssecum
1235 3769 1376 3856 habeat,
1391 3770 1480 3866 quid

378 3887 458 3980 pius
476 3887 587 3981 opusi
607 3887 681 3982 Ego
696 3900 814 3964 tamen
838 3889 1030 3957 examinavi
1053 3884 1119 3956 hos
1140 3909 1268 3957 omnes
1279 3887 1479 3980 plantarum

379 3997 484 4068 flores
506 4000 604 4069 nudo
625 4002 750 4088 oculo,
780 4001 914 4095 absque
937 4003 1035 4070 omni
1058 4002 1373 4095 microscopiorum
1398 4021 1475 4067 usu.

381 4115 508 4184 Ultima
531 4128 648 4186 tamen
668 4119 785 4188 classis
802 4119 942 4188 videtur
962 4117 1162 4190 aCreatore
1179 4119 1286 4188 veluti
1306 4118 1480 4186 exclusae

380 4228 516 4298 theoria
540 4234 747 4320 staminum,
776 4232 938 4329 adeoque
968 4234 1163 4304 secundum
1191 4255 1379 4301 numerum
1406 4229 1492 4302 ncn'
