3328 5154
1300 506 1317 548 V

217 610 279 676 sies
297 615 408 694 captus
419 612 487 698 erat
499 649 507 674 ,
519 611 552 664 et
566 599 598 664 in
612 597 664 662 illa
679 609 789 686 postea
805 597 932 687 rapidos
948 602 1312 688 progressuselfecisset.

218 713 368 795 Quadam
392 710 443 776 die
455 759 463 784 ,
475 699 477 706 '
489 706 621 773 memini
641 704 853 794 professorem
873 706 1036 795 egregium
1051 707 1197 794 quiedam
1214 709 1255 777 de
1271 724 1317 776 ut·

217 819 375 885 tractiono
395 826 428 880 et
448 810 579 903 repulsu
600 810 847 901 interpretatum
871 795 982 886 fuisse3
1010 833 1110 900 quum
1124 835 1260 902 puerum
1275 819 1316 882 ad

215 922 309 988 ludos
339 919 555 992 dimitterem,
577 915 695 982 mansit
712 928 842 1018 tamen,
868 927 901 984 et
924 915 1071 983 absoluto
1086 915 1258 998 sermone,
1284 945 1317 993 se

216 1053 281 1094 non
302 1028 425 1093 frustra
441 1025 573 1092 auribus
586 1024 751 1113 accepisse
766 1023 873 1090 subito
899 1020 1140 1115 comprobavit,
1165 1049 1239 1094 nam
1261 1051 1317 1094 sua

215 1133 283 1200 vioe
294 1131 377 1198 mira
391 1129 619 1219 perspicuitate
633 1151 703 1196 rem
719 1129 876 1220 exposuit.
1104 1119 1107 1126 ¹

259 1239 397 1306 Parrum
413 1237 629 1304 berhariumu
645 1257 681 1322 se
697 1233 874 1308 collectum
881 1235 1014 1327 singulis
1029 1237 1141 1306 diebus
1157 1243 1313 1331 angebat,

214 1359 268 1422 et,
298 1347 360 1413 hae
387 1355 558 1434 praestante
591 1341 768 1418 methodo,
797 1344 891 1433 cujus
921 1345 954 1410 in
981 1346 1083 1411 Floea
1114 1349 1240 1420 Gallica
1270 1337 1318 1415 ress

214 1465 326 1541 portur
350 1453 554 1542 exemplum,
582 1447 674 1516 facile
700 1450 860 1517 utebatur.
884 1450 956 1517 Duo
987 1452 1037 1518 viar
1059 1454 1136 1519 anni
1165 1453 1318 1521 interfue-

216 1571 308 1631 runt,
334 1581 434 1646 quum
458 1554 669 1638 celeberrimo
698 1556 886 1624 necandae
910 1556 1085 1623 scriberem
1116 1555 1218 1632 lilium
1248 1583 1316 1626 rem

216 1665 397 1732 herbariam
421 1663 502 1729 adeo
530 1683 741 1752 cognoscere,
769 1674 805 1727 ut
829 1663 1000 1751 sepissime
1024 1683 1079 1733 sea
1105 1661 1221 1754 plantis
1245 1670 1317 1732 sub-

215 1773 335 1848 missis,
366 1771 451 1838 baud
465 1781 656 1838 consumor
672 1767 819 1834 ordinem
836 1767 1188 1858 quinquiesindicsret.
1213 1770 1316 1840 lmmo

215 1880 331 1958 etiam,
353 1901 452 1968 quum
466 1875 649 1967 plantarum
663 1897 735 1964 quae
750 1875 782 1940 in
798 1895 878 1966 noua
894 1878 1046 1951 Balaam,
1071 1875 1221 1942 oriuntur
1241 1899 1317 1966 syn-

215 1987 317 2075 opsim
330 2009 346 2050 a
360 1987 499 2052 Roberto
512 1985 621 2050 Βνοωη
632 1983 752 2048 editam
768 1979 986 2071 persolveret,
1005 1982 1146 2052 indicem
1161 1984 1316 2053 deficien-

216 2107 282 2159 tem
310 2114 504 2181 componere
529 2090 637 2155 statim
662 2111 826 2178 aggressus
855 2101 919 2166 cst,
945 2102 977 2155 et
1005 2088 1141 2157 feliciter
1168 2092 1315 2179 perfecit.
1373 2093 1375 2096 ’

215 2201 322 2280 Quum
338 2221 463 2288 semper
480 2197 558 2264 mibi
575 2219 686 2264 carum
705 2195 766 2260 erit
783 2219 863 2284 opus
880 2195 1016 2262 infelicis
1028 2196 1113 2261 nati!
1219 2267 1221 2272 ,

255 2307 308 2392 ,Ex
326 2302 602 2369 observationibus
619 2301 659 2366 de
674 2313 787 2366 natura
803 2299 915 2378 factis,
936 2325 1006 2390 quae
1021 2301 1061 2367 ad
1078 2299 1203 2392 plantas
1223 2325 1317 2394 speo-

215 2421 283 2476 tant
295 2432 360 2476 non
375 2409 468 2474 unice
477 2407 616 2471 Paulum
629 2405 847 2495 abripiebant;
862 2431 927 2473 non
940 2409 1202 2499 minusmuscum
1215 2409 1318 2476 mira-

215 2513 313 2582 bilem
328 2537 426 2602 quam
443 2514 601 2604 insignem
613 2513 766 2604 lapidem,
781 2527 836 2582 aut
849 2515 987 2582 nitidum
999 2514 1173 2594 insectum,
1189 2519 1317 2590 attentis

214 2622 400 2689 intuebatur
413 2620 527 2688 oculis.
551 2622 588 2687 Ei
602 2642 671 2686 rara
686 2643 820 2709 qumque
834 2643 884 2687 res
894 2634 934 2686 'et
956 2621 1124 2713 singularis
1144 2626 1317 2692 maximam

214 2719 460 2794 admirationem
476 2729 663 2800 movebant;
682 2729 912 2817 jamquasdam
931 2731 1070 2798 conchas
1092 2736 1257 2826 variasque
1272 2736 1319 2800 in-

215 2849 378 2903 sectorum
396 2835 517 2928 speeies
529 2833 711 2925 eollegerat.
729 2835 862 2926 Insuper
880 2857 953 2902 eum
971 2835 1163 2924 jamdudum
1187 2843 1219 2907 in
1233 2839 1317 2910 lecto

215 2945 398 3030 jacentem,
416 2955 447 3008 et
460 2939 568 3008 lethali
586 2927 700 3008 morbo
717 2939 887 3021 affectum,
905 2967 1005 3032 quum
1020 2946 1174 3040 imagines
1205 2951 1318 3039 cujus·
1421 3026 1426 3034 J

215 3051 290 3116 dam
306 3049 398 3125 libri,
429 3051 462 3114 in
481 3049 598 3138 quibus
617 3048 784 3114 delineatae
805 3062 895 3115 erant
911 3045 1066 3131 Basaltoe,
1095 3071 1324 3144 percurreret„
1438 3045 1440 3052 ¹

215 3155 352 3222 vidimus
367 3176 501 3249 propes
524 3155 670 3222 sensibus
684 3156 831 3233 avocari,
852 3170 884 3222 et
902 3181 964 3246 qua
981 3173 1049 3227 arte
1063 3162 1132 3232 baeo
1152 3165 1317 3232 mineralia

214 3257 432 3328 formarentur
452 3262 645 3351 efflagitare,
670 3274 701 3326 et
724 3263 818 3326 tertio
838 3277 908 3352 post
926 3266 976 3333 die
992 3269 1124 3336 vixerat.

261 3367 324 3434 Sed
340 3367 418 3456 quid
433 3367 523 3458 plura
543 3367 582 3431 de
598 3365 750 3454 ingenio?
766 3390 853 3434 nuno
866 3369 905 3434 de
918 3371 1031 3438 animis
1047 3373 1176 3442 dotibus
1188 3377 1318 3464 loquen-

217 3473 318 3538 dum:
343 3473 391 3538 his
408 3495 537 3561 quoque
561 3473 743 3560 praestabat.
771 3470 819 3538 Ad
845 3473 966 3539 bonum
990 3491 1104 3564 sponte
1126 3481 1319 3548 incitabatur

210 3573 354 3670 ‘Paucum
373 3602 433 3645 neo
449 3579 639 3646 mendacem
649 3602 710 3646 nec
722 3578 843 3645 malum
858 3604 999 3670 unquam
1012 3607 1045 3650 se
1060 3587 1214 3676 pr'aebuit,
1231 3591 1318 3656 omni

216 3685 310 3774 culpa
324 3685 373 3752 vel
390 3685 472 3750 vitiis
489 3684 624 3750 aetatulae
637 3683 853 3774 peculiaribus
866 3687 1018 3764 vacabat,
1040 3703 1072 3754 et
1089 3689 1167 3756 nibil
1178 3693 1272 3782 'pueri
1286 3694 1318 3758 in

217 3817 255 3857 eo
267 3792 449 3880 reperisses.
464 3791 559 3856 Hunc
575 3791 607 3854 in
622 3790 799 3878 gymnasio,
816 3791 906 3879 mque
921 3815 958 3886 ao
971 3792 1058 3859 domi
1067 3807 1228 3882 parentes,
1239 3821 1319 3864 con-

217 3895 364 3985 discipuli
381 3895 565 3986 diligebant.
584 3895 632 3964 Ibi
652 3897 772 3964 nullam
789 3921 917 3988 poenam
937 3902 1054 3966 meruit
1061 3926 1070 3975 ς
1094 3915 1145 3980 et,
1164 3906 1189 3971 si
1207 3908 1319 3996 objur—

217 4015 370 4091 garentur
381 4003 489 4081 amici,
501 4001 625 4068 veniam
637 4026 695 4092 pro
710 4005 854 4071 sontibus
871 4007 1010 4094 petebat.
1028 4005 1134 4085 Quam
1151 4007 1225 4076 felix
1236 4026 1318 4088 erat,
1417 4004 1418 4007 ¹

217 4131 316 4195 quum
334 4131 489 4198 generoso
507 4109 684 4198 patrocinio
701 4109 910 4200 plaudentes,
929 4114 1071 4203 magistri
1083 4118 1234 4207 precibus
1246 4144 1320 4210 gra-
1411 4159 1412 4162 κ

217 4215 294 4278 tiam
310 4215 488 4282 concedere
505 4213 713 4281 viderentur!
735 4213 857 4305 0puer
880 4217 1024 4286 amabilis
1037 4223 1045 4286 l
1059 4223 1247 4312 parentibus
1269 4223 1320 4290 lu-

218 4321 353 4410 gendus,
368 4322 488 4389 civibus
505 4321 638 4388 fortasse
652 4321 823 4411 lugendus,
841 4325 1068 4418 quamdignus
1084 4341 1132 4397 est
1149 4328 1317 4420 lacrymis!
